1524 2932
738 255 782 288 20

529 737 687 774 CAPUT
720 736 1000 775 SECUNDUM.

277 868 326 892 DE
352 867 529 893 VIRTUTIS
555 867 727 899 NATURA,
752 867 798 891 m·
823 866 872 892 m:
898 866 1081 900 RATIONE,
1106 868 1184 895 QUA
1209 867 1253 892 IN

494 943 583 969 VITA
609 943 771 968 HOMINIS
798 944 838 968 SE
866 943 1037 968 APERIAT.

234 1280 279 1315 In
303 1278 367 1314 hac
385 1277 623 1326 disquisitione
645 1277 746 1313 nobis
766 1289 836 1313 non
849 1279 1084 1326 proposuimus
1105 1278 1241 1314 moralis
1267 1278 1347 1314 doc-

186 1357 310 1399 trinae,
335 1355 434 1403 quale
458 1367 478 1390 a
501 1354 692 1402 Chrysippo
717 1355 908 1390 confectum
929 1356 991 1399 sit,
1016 1358 1162 1402 systema
1173 1368 1346 1404 exponere.

186 1432 377 1479 Supersunt
390 1432 480 1466 enim
494 1431 535 1466 de
547 1431 618 1478 ejus
640 1431 796 1466 doctrina
816 1432 955 1467 nonnisi
976 1433 1163 1481 fragmenta
1183 1433 1346 1481 quaedam

186 1508 244 1544 hic
277 1508 351 1544 illic
383 1508 546 1555 dispersa,
572 1520 656 1556 quae
685 1507 777 1543 haud
801 1520 891 1551 raro,
915 1511 956 1544 ut
989 1508 1111 1544 deinde
1142 1509 1349 1553 videbimus,

187 1598 301 1622 secum
325 1588 490 1634 pugnant.
529 1585 619 1621 Dein
645 1597 686 1620 ex
710 1586 769 1628 iis,
795 1597 879 1633 quae
900 1588 1098 1633 supersunt,
1120 1578 1286 1634 conjicere
1305 1586 1349 1622 li-

189 1666 259 1706 cet,
297 1661 525 1709 Chrysippum
550 1674 620 1697 non
649 1664 757 1697 totam
780 1661 968 1698 doctrinam
992 1662 1150 1699 moralem
1173 1665 1350 1707 tractasse,

189 1740 248 1775 sed
272 1739 365 1775 locos
391 1740 506 1787 potius
531 1739 673 1774 selectos
697 1739 767 1786 (1),
792 1739 901 1786 ipsius
925 1741 1068 1787 tempori
1091 1743 1125 1776 et
1146 1744 1255 1776 sectae
1279 1754 1349 1776 ma-

191 1818 245 1864 gis
270 1816 549 1851 accommodatos
598 1816 721 1863 Itaque
745 1815 782 1850 id
798 1817 992 1862 praesertim
1017 1819 1221 1864 spectantes,
1245 1820 1286 1853 ut
1297 1817 1353 1853 lu-
1405 1856 1411 1861 ,

191 1906 263 1928 cem
288 1893 463 1927 afferamus
487 1892 531 1926 iis
555 1891 642 1926 locis
665 1903 683 1926 e
703 1890 880 1926 Plutarchi
900 1891 1031 1934 libello,
1056 1893 1116 1940 qui
1141 1893 1178 1927 in
1204 1893 1352 1928 secunda

191 1972 328 2004 nostrae
350 1968 597 2003 dissertationis
618 1969 712 2014 parte
733 1967 774 2002 de
790 1968 931 2003 virtutis
955 1970 1077 2003 natura
1098 1970 1132 2003 et
1154 1968 1195 2003 de
1211 1970 1352 2013 ratione,

231 2141 270 2176 (l)
292 2139 376 2174 Quod
400 2140 473 2167 inter
497 2139 567 2166 alios
592 2139 750 2166 observavit
771 2139 974 2173 Tennemann,
994 2139 1038 2167 1.1.
1061 2139 1107 2168 IV
1109 2160 1116 2167 .
1143 2149 1172 2176 p.
1193 2144 1258 2169 316.
1297 2142 1355 2170 Ubi

193 2191 227 2218 de
253 2189 413 2225 Chrysippo
431 2197 517 2224 agens
529 2208 536 2222 ,
570 2189 634 2224 „Es
657 2189 756 2221 sind,'’
780 2190 885 2225 inquit,
906 2198 989 2225 „nur
1007 2190 1133 2218 einzelne
1147 2191 1285 2219 Materien
1303 2200 1355 2220 aus

192 2242 258 2269 dem
277 2240 393 2268 Ganzen
409 2240 458 2268 der
477 2239 662 2272 Sittenlehre,
683 2240 786 2267 welche
809 2248 866 2267 von
885 2240 977 2268 einem
986 2240 1123 2276 gewissen
1133 2240 1356 2277 Gesichtspunkt

193 2301 244 2320 aus
272 2292 428 2319 beleuchtet
451 2291 579 2324 werden,
611 2290 797 2326 Streifereijen
828 2291 917 2318 durch
948 2291 997 2318 das
1014 2292 1173 2326 praktische
1192 2291 1292 2319 Gebiet
1307 2292 1356 2320 der

192 2344 352 2375 Vemunft‚
373 2343 425 2369 mit
449 2342 633 2377 Verweilung
650 2342 695 2369 bei
713 2343 824 2377 einigen
846 2350 893 2368 am
911 2342 1030 2369 meisten
1045 2343 1237 2369 anziehenden
1248 2342 1356 2378 Gegen-

195 2395 313 2423 stiinden
324 2414 331 2428 ‚
352 2393 585 2429 Anniiherungen
604 2402 639 2420 zu
658 2393 708 2421 der
723 2393 953 2429 systematischen
968 2392 1168 2428 Ausmessung
1183 2394 1231 2421 des
1245 2402 1354 2429 ganzen

194 2447 308 2475 Gebiets
329 2446 475 2473 innerhalb
495 2446 569 2473 ihrer
585 2444 745 2473 Grenzen.'’
766 2460 800 2465 -
821 2443 904 2472 Conf.
926 2444 1011 2478 Diog.
1032 2444 1126 2471 Laert.
1147 2444 1216 2471 VII.
1237 2444 1252 2478 ξ
1271 2447 1316 2472 84.
