1524 2932
769 263 789 293 6

197 365 326 400 sionem
339 366 531 400 universam
547 378 552 398 :
567 368 641 399 tum
654 365 726 411 ejus
740 364 847 410 ipsius
861 363 1106 410 principatum,
1132 365 1191 410 qui
1204 366 1241 400 in
1249 368 1361 400 mente

196 443 229 475 et
247 442 378 476 ratione
396 444 562 483 versetur,
589 451 864 486 communemque
876 450 986 474 rerum
999 441 1155 475 naturam
1167 441 1358 476 universam

196 520 295 565 atque
328 519 442 554 omnia
472 518 703 554 continentem
731 532 737 552 z
763 520 836 552 tum
861 515 995 552 fat-alem
1021 516 1090 552 vim
1115 519 1149 551 et
1174 518 1359 553 necessita-

194 597 262 629 tem
287 606 397 630 rerum
422 595 613 630 futurarum
636 609 642 629 :
669 596 782 642 ignem
809 596 974 641 praeterea
999 597 1033 628 et
1058 605 1149 636 eum,
1174 605 1273 639 quem
1298 607 1357 630 an-

152 698 154 700 .
194 674 246 706 tea
268 671 356 713 dixi,
382 671 514 706 aethera
537 685 542 706 :
569 675 643 706 tum
665 684 718 714 ea,
744 683 828 717 quae
851 674 973 707 natura
994 668 1137 707 fluerent
1163 674 1264 718 atque
1288 685 1359 708 ma-

191 749 327 789 narent,
364 750 404 782 ut
436 751 470 782 et
504 759 623 793 aquam
657 750 690 782 et
722 751 845 782 terram
879 752 913 782 et
946 753 1036 791 aera,
1073 747 1192 790 solem,
1225 748 1358 792 lunam,

190 824 314 868 sidera,
339 825 662 871 universitatemque
686 836 812 867 rerum,
837 837 904 870 qua
937 825 1052 859 omnia
1081 824 1354 868 continerentu13

191 904 292 948 atque
313 901 465 937 homines
496 902 598 937 etiam
620 914 692 944 eos,
716 901 776 948 qui
805 900 1095 946 immortalitatem
1125 903 1235 937 essent
1273 913 1355 937 eon-

190 979 308 1014 secuti.
359 978 521 1024 Idemque
551 977 719 1025 disputat,
744 977 876 1013 aethera
899 990 971 1013 esse
1003 990 1095 1020 eum,
1120 990 1219 1024 quem
1243 977 1354 1013 homi-

188 1067 247 1089 nes
272 1054 295 1088 J
298 1067 392 1089 ovem
406 1054 627 1100 appellarent;
653 1054 779 1100 quique
800 1059 855 1089 ae'r
880 1066 938 1100 per
962 1054 1067 1089 maria
1085 1057 1252 1096 manaret,
1277 1067 1353 1089 eum

187 1142 259 1164 esse
283 1129 485 1176 Neptunum
512 1143 518 1163 :
544 1132 733 1175 terramque
745 1142 816 1165 eam
839 1142 925 1172 esse,
950 1142 1036 1175 quae
1051 1129 1151 1165 Ceres
1178 1129 1354 1164 diceretur.

187 1206 367 1252 Similique
383 1206 515 1241 ratione
526 1205 738 1252 persequitur
763 1204 927 1241 vocabula
952 1205 1158 1251 reliquorum
1172 1205 1351 1240 Deorum.”

235 1282 402 1317 Videmus
440 1281 667 1329 Chrysippum
704 1281 819 1316 eodem
853 1282 969 1323 mod0,
1007 1285 1107 1327 atque
1143 1282 1352 1326 antiquiores

189 1359 340 1400 Stoicos,
362 1358 552 1393 doctrinam
577 1371 672 1393 suam
697 1358 908 1404 aliquatenus
930 1357 1026 1406 vulgi
1050 1357 1208 1405 religioni
1222 1370 1352 1393 accom-

186 1432 354 1475 modasse,
366 1445 472 1479 quum
493 1432 631 1469 deorum
643 1434 782 1468 nomina
805 1434 964 1476 retineat,
995 1444 1154 1480 personae
1174 1444 1253 1469 vero
1274 1445 1351 1480 pro-

187 1511 363 1557 prietatem
388 1510 432 1545 iis
457 1512 568 1557 neget.
631 1510 732 1545 Unde
756 1510 884 1545 factum
906 1512 973 1553 est,
997 1512 1038 1545 ut
1062 1511 1135 1557 ejus
1160 1509 1285 1557 placita
1311 1510 1351 1545 de

187 1586 253 1620 diis
278 1585 369 1620 haud
393 1597 468 1620 raro
479 1585 620 1620 confusa
644 1586 715 1620 sint
740 1589 773 1620 et
798 1586 943 1628 incerta,
968 1588 1002 1620 et
1026 1585 1159 1632 saepius
1184 1585 1266 1628 diis,
1291 1585 1350 1631 qui

186 1661 365 1704 dicuntur,
390 1673 427 1696 ea
452 1661 683 1708 adscripserit,
708 1674 792 1707 quae
821 1662 928 1709 magis
955 1674 1032 1696 cum
1056 1661 1153 1709 vulgi
1178 1662 1350 1708 opinioni-

186 1737 249 1772 bus
280 1749 381 1783 quam
419 1749 496 1771 cum
518 1749 593 1779 sua,
618 1749 718 1782 quam
753 1737 852 1771 modo
889 1738 1161 1780 memoravimus,
1195 1737 1351 1772 doctrina

186 1815 408 1849 convenirent
434 1815 498 1860 (1).

236 1890 409 1925 Permulta
433 1889 645 1937 Chrysippus
671 1890 808 1937 scripsit
834 1904 840 1925 z
866 1891 938 1937 ejus
963 1902 1062 1937 opera
1082 1891 1296 1937 septingenta
1316 1892 1350 1924 et
1399 1907 1401 1909 ·

187 1969 339 2014 quinque
383 1967 575 2014 implevisse
620 1967 784 2003 dicuntur
829 1967 1017 2011 volumina,
1054 1980 1196 2015 quorum
1238 1969 1349 2003 ta'men

185 2045 326 2080 nonnisi
360 2044 549 2091 fragmenta
578 2044 739 2090 quaedam
763 2047 892 2080 restant
912 2046 975 2093 (2).
1024 2044 1167 2088 Causae,
1195 2057 1256 2080 cur
1279 2048 1349 2081 tam

186 2122 294 2157 multa
331 2121 522 2168 scripserit,
559 2124 645 2156 teste
677 2121 815 2158 Laertio
828 2150 836 2165 ‚
877 2122 939 2158 hae
975 2126 1057 2158 sunt
1094 2137 1100 2158 :
1139 2123 1271 2170 saepius
1308 2123 1349 2158 de

184 2199 304 2234 iisdem
342 2197 441 2232 rebus
468 2197 602 2244 agebat3
638 2211 736 2233 omne
757 2200 793 2233 in
819 2199 1056 2246 quodcumque
1092 2199 1272 2242 incideret,
1310 2199 1346 2234 id

222 2359 261 2393 (l)
282 2357 366 2385 Conf.
389 2358 424 2384 ad
443 2357 517 2384 hune
538 2357 631 2385 locum
656 2358 881 2392 Ticdemannus‚
903 2358 983 2386 Geist
1003 2360 1052 2386 der
1074 2358 1262 2393 speculativen
1278 2358 1344 2385 Phi-

181 2409 323 2444 losophia,
345 2408 385 2435 11.
413 2418 440 2444 p.
466 2411 519 2436 447
544 2418 585 2444 sq.

220 2462 259 2494 (2)
279 2461 363 2494 Diog.
389 2460 423 2487 L.
445 2460 508 2486 Lib.
530 2461 599 2487 vn.
618 2461 632 2494 ,ε
655 2464 716 2488 iso.
