1524 2932
736 230 780 262 68

173 339 280 388 λόγος,
311 339 327 374 ὁ
357 339 462 387 νόμος,
490 340 589 382 atque
614 336 740 384 ὁλόγος
766 337 922 371 universe
946 337 1094 382 positus,
1124 336 1206 372 haec
1228 346 1337 371 unum

173 415 329 462 idemque
353 413 443 462 apud
472 425 528 449 eos
554 412 753 461 significant
777 412 841 459 (1).
892 411 1106 458 Quamquam
1135 413 1268 460 sapiens
1289 412 1338 446 ita

172 505 275 540 supra
308 493 416 540 legem
449 503 521 527 esse
553 490 705 533 videtur,
735 489 842 537 legem
872 492 985 525 tamen
1011 490 1048 524 in
1074 492 1209 536 pectore
1238 490 1339 526 habet

172 571 368 618 repositam3
403 568 492 605 nihil
526 567 620 603 aliud
651 579 747 616 agere
779 569 891 614 potest
926 568 985 601 aut
1019 565 1110 608 vult,
1142 567 1212 601 nisi
1246 565 1337 613 quod

174 646 216 680 ab
241 658 279 680 ea
302 647 485 692 imperetur
510 647 543 679 et
568 656 646 678 cum
671 656 708 678 ea
733 643 924 677 conveniat.

220 771 433 818 Chrysippus
466 773 500 805 et
533 769 621 805 bona
654 773 688 805 et
712 769 799 805 mala
834 770 994 816 (virtutes
1019 771 1052 804 et
1077 768 1175 814 vitia)
1203 768 1341 803 sensilia

169 849 339 901 (αἰσθητὰ)
374 852 461 887 dicit
499 864 505 886 :
543 863 613 886 non
650 850 760 886 solum
796 850 838 887 τὰ
885 850 974 890 πάθη
1014 848 1073 886 σὺν
1115 850 1178 890 τοῖς
1221 846 1339 885 εἴδεσιν

169 933 313 982 (λύπην,
354 931 452 983 φόβον
497 947 529 968 κ.
568 946 598 968 τ.
635 928 685 978 λ.)
732 933 790 967 sed
826 933 927 968 etiam
969 931 1116 979 κλόπην,
1164 931 1337 980 μοιχείαν,

168 1015 367 1065 ἀφροσύνην,
397 1012 522 1050 δειλίαν
528 1042 540 1061 ,
577 1016 701 1057 cetera;
736 1014 852 1049 eodem
885 1014 985 1050 modo
1016 1015 1161 1050 virtutes
1195 1009 1339 1062 (χάραν,

168 1097 363 1148 εὐεργεσίας,
403 1100 570 1147 φρονήσιν,
611 1094 782 1146 ἀνδρείαν,
817 1112 849 1132 κ.
881 1111 911 1133 τ.
941 1093 991 1144 λ.)
1019 1098 1082 1145 (2).
1132 1095 1338 1132 Plutarchus

169 1174 314 1210 absurda
342 1174 425 1210 haec
459 1173 560 1216 dicit,
598 1185 699 1219 quam
733 1173 777 1209 ob
807 1186 942 1209 eausam
967 1186 1037 1209 non
1063 1173 1169 1209 addit.
1218 1173 1339 1219 Neque

170 1250 326 1297 equidem
364 1250 480 1293 video,
513 1262 676 1296 quaenam
702 1250 817 1306 adessp
845 1252 954 1298 possit
984 1264 1084 1287 causa
1109 1264 1170 1287 cur
1195 1251 1339 1287 absurda

170 1326 339 1361 dicantur.
391 1326 479 1365 Quis
505 1329 622 1373 neget,
648 1327 733 1361 vitia
754 1329 787 1361 et
813 1327 959 1362 virtutes
981 1340 1077 1374 posse
1099 1328 1338 1370 animadverti,

168 1405 198 1439 si
228 1416 300 1439 non
325 1406 480 1451 possent,
514 1403 607 1439 unde
631 1415 746 1438 eorum
781 1404 934 1451 cognitio
959 1407 1046 1439 esset
1071 1403 1229 1451 petenda,
1254 1416 1338 1450 quo-

167 1480 268 1516 modo
293 1480 364 1515 ulla
389 1492 461 1515 esse
485 1482 600 1527 posset
626 1479 782 1516 doctrina
806 1480 965 1516 moralis?
1018 1481 1073 1516 Ne
1097 1493 1176 1517 vero
1200 1480 1336 1516 Plutar-

168 1558 271 1594 chum
300 1560 370 1593 tam
394 1559 544 1606 graviter
568 1570 694 1593 errasse
719 1560 923 1601 statuamus,
950 1559 1151 1605 conjicimus
1173 1558 1337 1606 Chrysip-

168 1647 249 1682 pum
272 1636 309 1670 in
331 1634 406 1670 loco
426 1634 544 1678 allato,
570 1635 667 1682 cujus
690 1634 791 1670 verba
812 1634 1028 1670 intercidisse
1042 1634 1208 1678 dolemus,
1222 1634 1338 1670 dehac

166 1711 268 1746 illave
301 1710 450 1745 hominis
483 1710 681 1745 conditione
714 1711 837 1757 egisse,
872 1710 912 1745 de
941 1723 1008 1756 qua
1031 1710 1188 1746 'dubitari
1214 1712 1339 1757 possit,

168 1791 284 1823 utrum
318 1787 490 1822 hominem
521 1786 564 1822 ad
591 1787 772 1822 discrimen
798 1787 888 1823 inter
917 1787 1080 1822 virtutem
1105 1789 1139 1822 et
1163 1787 1249 1822 vitia
1279 1786 1338 1822 ob-

169 1864 372 1899 servandum
397 1864 551 1909 ineptum
573 1863 692 1897 reddat
713 1875 828 1897 necne.
879 1863 946 1897 Sed
967 1862 1032 1897 hoc
1054 1875 1130 1897 eum
1152 1862 1337 1898 Plutarcho

169 1941 346 1976 mittamus
372 1953 379 1975 ι
406 1940 501 1975 affert
522 1940 612 1974 enim
634 1942 887 1987 argumentum,
913 1939 1005 1985 quod
1025 1938 1088 1974 hac
1102 1939 1139 1974 in
1152 1951 1188 1975 re
1200 1939 1335 1987 majoris

168 2017 333 2052 momenti
367 2016 518 2058 videtur,
553 2016 761 2051 contendens
791 2016 994 2051 sententiam
1018 2015 1188 2051 laudatam
1213 2028 1335 2064 repug-

170 2112 251 2136 nare
274 2099 339 2139 τοῖς
367 2096 439 2148 περὶ
470 2097 523 2134 τὸν
550 2095 761 2139 διαλεληθότα
789 2099 895 2148 σοφόν.
949 2098 1010 2133 asSi
1032 2097 1194 2142 bonum,''
1220 2099 1335 2145 inquit

208 2266 249 2301 (l)
269 2265 315 2294 sic
342 2264 520 2300 Chrysippus
552 2264 628 2299 apud
655 2263 742 2299 Diog.
769 2263 866 2291 La'em
886 2263 950 2291 Lib.
972 2263 1042 2291 VII.
1063 2264 1079 2298 ξ
1101 2267 1151 2291 128
1173 2273 1180 2290 z
1201 2260 1283 2301 φύσει
1304 2259 1336 2290 τὸ

169 2320 283 2350 δίκαιον
306 2316 378 2349 εἶναι
401 2318 450 2348 καὶ
473 2318 512 2358 μὴ
538 2318 630 2353 θέσει,
655 2318 692 2351 ὡς
713 2318 763 2347 καὶ
784 2316 833 2347 τὸν
856 2317 942 2358 νόμον
966 2317 1015 2347 καὶ
1037 2316 1085 2347 τὸν
1122 2316 1201 2357 ὀρθὸν
1237 2317 1333 2358 λόγον,

169 2373 254 2401 Conf.
275 2381 360 2408 supra.
379 2381 407 2408 p.
431 2373 481 2406 17,
503 2376 569 2400 nota
589 2375 623 2405 4,
644 2376 671 2399 ct
690 2381 718 2407 p.
741 2374 772 2398 21
795 2380 837 2406 sq.

207 2425 246 2459 (2)
266 2423 345 2451 Plut.
365 2423 409 2450 l.1.
434 2431 462 2457 p.
484 2425 552 2449 1042
577 2422 726 2451 E.-1043
746 2421 784 2448 A.
