1524 2932
749 177 793 209 63

193 286 264 323 veri
288 284 308 323 ἢ
336 282 421 319 κατὰ
450 283 501 320 τὸν
529 286 582 320 τοῦ
608 283 683 325 Διὸς
711 283 821 333 λόγον,
846 295 945 330 quem
965 283 1055 319 idem
1072 296 1143 320 esse
1155 296 1193 319 ac
1208 284 1344 320 fatum.”

241 361 298 398 Ne
320 362 419 409 putes
444 360 670 410 Chrysippum
693 360 821 397 leniore
852 373 953 397 sensu
988 361 1095 397 fatum
1122 362 1272 397 omnium
1296 374 1348 397 re-

193 449 269 474 rum
290 449 423 473 causam
452 438 593 481 dixisse,
617 438 667 473 ita
690 440 731 473 ut
754 449 825 473 non
857 437 926 472 nisi
951 449 1051 473 causa
1071 438 1233 484 quaedam
1254 444 1350 474 ante-

193 515 313 551 cedens
335 515 413 563 (non
440 515 614 563 perfecta)
641 514 693 561 (1)
724 513 839 549 haberi
861 513 994 557 debeat,
1018 513 1224 549 Plutarchus
1254 514 1348 550 illius

194 596 324 633 dictum
348 599 444 633 affert
469 610 476 632 :
504 596 650 631 nFatum
679 595 783 632 αἰτίαν
810 594 889 631 εἶναι
917 596 1082 644 ἀνίκητον,
1107 595 1271 633 ἀκώλυτον
1289 596 1343 631 καὶ

193 675 368 729 ἅτρεπτον”
394 681 429 715 01
451 680 567 713 monet
586 689 662 713 eum
673 678 744 713 fato
760 676 842 713 haec
853 678 991 713 nomina
1013 678 1144 715 dedisse
1169 693 1176 714 :
1204 673 1349 730 n'sAtpo-

193 775 263 804 πον,
293 757 523 812 Ἀδράστειαν,
552 755 717 809 Ἀνάγκην
741 762 776 796 01
801 759 1036 809 Πεπρωμένην,
1053 760 1095 802 ὡς
1113 760 1210 810 πέρας
1226 764 1349 798 ἅπασιν

192 842 395 881 ἐπιτιθεῖσαν.

242 920 453 967 Chrysippus
490 932 508 954 0
538 918 715 954 Plutarchi
752 919 919 954 sententia
949 919 1020 954 suis
1055 919 1127 966 ipse
1150 919 1286 967 placitis
1311 919 1352 956 de

195 998 266 1034 fato
289 998 471 1045 repugnat,
496 996 621 1050 quippe
645 995 851 1031 contendens
874 1009 880 1031 :
906 995 1018 1032 visum
1037 1008 1107 1031 non
1131 1008 1202 1032 esse
1226 997 1354 1044 perfec-

193 1077 265 1110 tam
288 1073 493 1110 assensionis
518 1085 666 1116 causam3
692 1074 726 1108 et
746 1084 871 1108 encres
895 1085 966 1108 non
988 1085 1007 1107 a
1036 1073 1126 1115 viso,
1150 1072 1209 1107 sed
1233 1072 1275 1109 ab
1299 1086 1353 1109 as-

194 1151 352 1187 sensione
382 1149 562 1198 proficisci.
622 1148 759 1184 Acriter
781 1148 846 1184 hoc
869 1149 978 1196 ipsius
1002 1148 1166 1196 placitum
1190 1147 1354 1196 Chrysip-

194 1241 259 1276 pus
280 1231 403 1264 contra
425 1227 646 1263 Academicos
672 1226 832 1262 defendit.
884 1226 1025 1270 nNihil,
1049 1227 1179 1273 inquit,
1204 1227 1278 1263 sine
1301 1239 1354 1263 as-

193 1306 349 1342 sensione
374 1305 487 1354 agitur
511 1307 570 1340 aut
591 1303 792 1351 suscipitus3
819 1303 981 1351 figmenta
1006 1305 1040 1338 et
1069 1303 1186 1339 inanes
1220 1303 1353 1352 opinio-

193 1393 254 1417 nes
277 1381 331 1416 illi
350 1383 507 1423 tuentur,
531 1380 592 1426 qui
609 1379 732 1416 volunt
748 1379 871 1414 idoneo
896 1378 1009 1415 oblato
1022 1380 1096 1416 viso
1108 1380 1224 1415 statim
1236 1392 1299 1415 nos
1310 1380 1353 1416 ad

193 1469 264 1493 rem
282 1456 445 1505 agendam
464 1456 620 1499 incitari,
639 1456 771 1492 etiamsi
790 1467 862 1491 non
883 1455 985 1491 simul
1007 1456 1214 1504 cogitatione
1238 1469 1352 1493 assen-

195 1535 350 1569 tiamu1.''
399 1533 491 1567 Dein
516 1531 612 1567 addit
638 1545 645 1566 :
670 1531 804 1566 fallacia
827 1532 929 1566 etiam
950 1532 1023 1567 visa
1043 1544 1062 1567 a
1080 1532 1142 1567 deo
1163 1535 1197 1568 et
1217 1532 1354 1568 homine

196 1611 312 1648 solerti
335 1610 434 1646 nobis
459 1609 632 1652 submitti,
656 1621 727 1644 non
745 1608 836 1655 quod
861 1608 1108 1643 concessionem
1135 1621 1154 1644 a
1174 1609 1274 1645 nobis
1292 1613 1352 1645 aut

196 1686 422 1723 assensionem
457 1685 646 1732 requirant,
671 1683 740 1720 sed*
762 1683 828 1719 hoc
852 1686 988 1719 tantum
1013 1686 1180 1731 spectent,
1206 1687 1247 1721 ut
1271 1697 1350 1734 aga-

196 1778 288 1809 mus;
312 1777 376 1800 nos
400 1766 511 1799 autem
535 1774 595 1810 pro
621 1762 809 1798 vitiositate
829 1763 862 1797 et
886 1760 1120 1797 imbecillitate
1139 1763 1255 1798 nostra
1275 1762 1353 1799 istis

195 1842 279 1878 visis
304 1840 469 1877 assentiri.

244 1917 466 1960 Plutarchus,
501 1919 542 1952 ut
578 1916 724 1963 saepius,
756 1915 814 1951 ita.
838 1914 903 1950 hoc
939 1915 1040 1950 etiam
1072 1914 1148 1950 loco
1181 1915 1356 1952 ostendere

197 1996 341 2031 conatur
364 1992 591 2040 Chrysippum
616 1993 676 2027 aut
696 1991 759 2027 fati
784 1991 854 2028 vim
876 1990 1095 2034 deminuisse,
1127 2003 1195 2038 quo
1221 1991 1353 2028 caderet

198 2108 254 2128 non
283 2098 465 2134 adjiciuntur.
513 2096 549 2124 In
578 2096 722 2131 Euripidis
741 2096 832 2123 verbis
856 2095 965 2123 Reiskii
995 2100 1023 2123 et
1053 2095 1178 2123 Diibneri
1204 2095 1354 2123 lectionem

197 2160 309 2186 secutus
332 2164 406 2184 sum.
444 2154 590 2190 Wyttenb.
611 2153 778 2181 vocabulum
796 2161 830 2190 ’γε
848 2161 906 2180 11011
924 2152 1040 2180 addidit.
1083 2151 1170 2189 Apud
1189 2152 1355 2188 Euripidem

197 2216 228 2243 in
252 2220 325 2251 trag.
348 2213 447 2253 Suppl.
472 2221 515 2240 vs.
538 2214 590 2240 744
610 2220 652 2248 sq.
682 2211 747 2247 (Ed.
779 2211 919 2247 Glasguae
946 2220 973 2238 a.
1000 2212 1081 2246 1821)
1110 2220 1160 2247 pro
1189 2205 1296 2249 λέγοιμ’
1318 2207 1353 2238 ἄν

204 2274 306 2310 legitur
325 2268 440 2310 λέγουσι
469 2276 496 2300 01
520 2280 564 2300 vs.
590 2272 643 2299 ⁷46
667 2265 776 2308 δρῶμεν
797 2278 827 2297 τε
853 2262 961 2297 τοιαῦθ’
973 2262 1001 2296 οἵ
1002 2278 1016 2295 ν
1039 2265 1074 2296 σὺ
1088 2267 1233 2312 τυγχάνῃς
1253 2266 1351 2299 θέλων.

198 2324 284 2353 Conf.
303 2334 386 2361 porro
403 2325 491 2359 Diog.
510 2323 606 2351 Laert.
625 2322 681 2350 IX.
702 2322 718 2357 ς
737 2323 768 2350 71
779 2342 787 2356 ,
809 2326 837 2349 01
854 2322 892 2349 1111
910 2321 1074 2357 Menagium
1096 2326 1125 2350 et
1142 2321 1351 2351 Casaubonum.

238 2376 277 2410 (1)
292 2375 376 2404 Conf.
397 2384 468 2411 quae
487 2383 571 2410 supra
589 2374 766 2409 scripsimus,
786 2382 814 2408 p.
838 2376 871 2400 18
890 2377 918 2400 et
938 2375 981 2400 19.
