1524 2932
724 204 768 237 70

157 315 222 340 sua
246 303 351 352 digne
370 303 480 347 vivat3
505 304 607 340 etiam
632 304 794 341 convenit
815 303 916 340 bonis
936 305 1095 343 omnibus
1115 307 1230 344 eadem
1253 307 1329 356 glo-

157 380 274 423 riatio,
306 392 413 427 quum
445 379 543 417 nulla
573 392 611 417 re
643 393 663 415 a
694 380 782 417 Jove
811 384 1043 429 superentur.”
1091 383 1233 432 Sapiens
1257 397 1329 421 om-

156 457 260 494 nibus
292 456 421 506 gaudet
453 445 652 495 virtutihus.
710 458 819 494 Nulla
850 459 962 507 igitur
995 460 1091 497 adest
1118 472 1235 507 causa,
1268 466 1330 499 c'ur

156 534 344 572 Plutarcho
379 535 548 572 calculum
581 549 652 572 non
685 536 884 583 adjiciamus
916 539 1035 573 nostro
1064 537 1139 574 loco
1165 538 1295 575 dicenti
1322 553 1329 575 :

156 614 242 649 naut
275 625 375 648 nemo
408 612 554 649 virtutes
583 611 711 649 habens
747 625 863 648 omnes
893 612 931 648 id
955 616 1069 661 potest
1088 614 1245 663 ignorare
1273 615 1328 652 vel

156 689 314 725 dubitare
336 701 420 725 num
441 701 495 724 eas
516 688 653 731 habeat,
678 690 738 724 aut
759 689 883 737 exigua
903 693 955 725 est
976 692 1010 725 et
1022 691 1161 725 omnino
1175 690 1325 731 difficilis

153 769 332 815 perspectu
366 766 557 803 differentia
589 767 680 802 inter
708 766 872 803 virtutem
896 769 931 802 et
959 767 1100 811 vitium,
1124 766 1324 804 felicitatem

151 848 186 879 et
219 844 405 886 miseriam,
439 842 698 890 pulcherrimam
726 843 833 878 vitam
857 845 893 878 et
921 842 1168 890 turpissimam,
1193 844 1223 879 si
1244 844 1322 890 quis

148 919 209 955 illa
234 932 294 967 pro
319 920 374 956 his
403 932 439 955 se
464 919 623 966 adeptum
647 931 718 955 non
748 919 903 954 sentiat.''
931 919 983 966 (1)

192 1072 380 1120 Egregium
405 1071 590 1119 Chrysippi
615 1071 784 1118 placitum
811 1085 818 1106 :
844 1083 955 1107 omnes
979 1072 1125 1107 virtutes
1148 1075 1241 1108 arcte
1265 1084 1318 1108 se-

146 1163 220 1187 cwm
254 1150 398 1186 invicem
433 1162 505 1185 esse
539 1149 752 1195 conjunctas,
790 1136 873 1183 adeo
901 1152 941 1183 ut
971 1149 1031 1195 qui
1055 1161 1158 1184 unam
1181 1149 1319 1191 habeat,

144 1240 256 1262 omnes
293 1227 431 1268 habeat,
464 1238 484 1260 a
514 1224 702 1261 Plutarcho
734 1226 939 1259 memoratur
971 1236 1004 1271 p.
1039 1226 1134 1259 1046
1159 1224 1188 1260 F
1221 1227 1255 1260 et
1284 1237 1316 1272 p.

145 1304 239 1338 1047
264 1303 296 1338 A
320 1303 385 1349 (2).
435 1302 574 1348 Optime
600 1300 641 1335 de
660 1299 875 1347 philosophia
894 1299 1015 1335 morali
1036 1300 1067 1334 is
1086 1300 1228 1335 meritus
1249 1303 1316 1343 est,

139 1379 201 1424 qui
226 1379 357 1424 primus
380 1376 533 1412 ostendit
557 1376 722 1411 virtutem
745 1387 818 1411 esse
837 1388 941 1410 unam
962 1377 1063 1421 atque
1082 1375 1313 1418 individuam,

139 1455 352 1501 virtutesque
373 1466 444 1489 non
465 1452 580 1488 eadem
601 1453 734 1488 ratione
755 1454 857 1498 atque
877 1452 964 1487 vitia
985 1452 1052 1488 sibi
1072 1452 1220 1489 invicem
1241 1464 1312 1488 esse

139 1532 333 1579 oppositas3
359 1530 576 1577 quamobrem
600 1530 746 1565 maxime
769 1529 941 1564 laudanda
967 1531 1019 1564 est
1040 1528 1156 1564 schola
1180 1529 1311 1573 Stoica,

137 1609 264 1655 quippe
283 1619 370 1654 quae
390 1619 506 1643 omnes
528 1607 673 1643 virtutes
695 1605 738 1641 ad
762 1618 871 1641 unum
891 1606 1065 1642 revocavit
1085 1605 1309 1653 principium,

137 1697 157 1719 a
177 1696 246 1730 quo
271 1684 332 1729 qui
353 1682 408 1719 vel
428 1683 537 1718 latum
558 1682 707 1730 digitum
727 1682 878 1725 recedat,
901 1681 1032 1717 nullam
1044 1682 1207 1718 virtutem
1218 1685 1309 1718 recte

136 1759 245 1796 colere
269 1759 388 1807 possit.
417 1759 469 1806 (3)

184 1835 281 1871 Huic
302 1847 381 1870 vero
402 1834 499 1869 illius
524 1834 713 1869 sententiae
743 1834 837 1869 aliud
870 1834 1090 1869 enunciatum
1118 1846 1306 1882 repugnare

133 1910 342 1948 Plutarchus
376 1910 472 1947 dicit.
534 1910 747 1960 Chrysippus
781 1911 872 1947 enim
906 1910 1103 1955 contendit,
1132 1910 1302 1948 hominem

132 1988 262 2025 bonum
290 2000 361 2023 non
391 1999 520 2036 semper
541 1987 676 2024 fortiter
700 1999 812 2036 agere,
844 2000 954 2035 neque
982 1988 1145 2024 vitiosum
1174 2000 1302 2037 semper

132 2066 268 2110 timide3
294 2065 352 2101 hie
382 2066 473 2101 enim
503 2064 675 2101 interdum
705 2066 743 2101 in
769 2065 904 2113 judicio
927 2065 1095 2114 persistit,
1118 2065 1178 2102 ille
1197 2065 1299 2102 labat.

168 2253 209 2288 (1)
230 2252 316 2281 Conf.
349 2261 420 2288 quae
447 2256 545 2280 contra
574 2253 692 2280 eandem
726 2253 952 2282 enunciationem
976 2254 1056 2283 affert
1078 2254 1246 2283 Plutarchus
1265 2262 1294 2289 p.

129 2307 198 2332 1062
222 2303 257 2332 C.
281 2303 321 2331 D.

163 2356 206 2389 (2)
226 2354 379 2389 Chrysippi
397 2354 481 2381 verba
500 2354 661 2381 notavimus
679 2362 765 2389 supra
782 2363 812 2389 p.
833 2356 867 2381 27
888 2359 916 2382 et
934 2357 980 2382 28.

166 2405 207 2440 (3)
228 2404 312 2433 Conf.
333 2412 404 2439 quae
426 2404 460 2431 de
477 2404 530 2432 hoc
548 2408 714 2439 argumento
733 2413 817 2440 supra
839 2404 882 2432 l.1.
910 2405 1043 2433 diximus.
