1524 2932
744 168 787 201 65

532 647 690 684 CAPUT
728 648 1007 685 SECUNDUM.

308 794 355 818 m}
382 792 558 818 VIRTU'HS
584 793 756 825 NATURA,
786 794 832 817 ΕΤ
858 794 905 817 ΒΕ
933 793 1116 825 RATIONE,
1146 795 1224 821 QUA

460 870 501 893 IN
528 853 616 894 v'1'rA
644 869 806 894 nomme
833 870 874 893 sn
903 870 1076 895 AanA'r.

231 1234 420 1271 Audiamus
447 1233 670 1269 Plutarchum
694 1233 879 1281 Chrysippi
904 1246 943 1268 ea
963 1234 1247 1281 perstringentem
1272 1234 1345 1282 pla-

184 1313 270 1356 cita,
295 1325 379 1359 quae
400 1311 443 1347 ad
464 1312 626 1347 virtutem
656 1311 795 1358 ejusque
827 1310 866 1346 in
890 1310 1028 1346 homine
1050 1311 1215 1346 rationem
1240 1312 1343 1359 perti-

182 1392 275 1426 nent.
332 1388 550 1432 Videbimus,
583 1401 660 1424 eum
685 1389 817 1436 saepius
843 1401 973 1424 summo
995 1389 1072 1436 jure
1097 1389 1191 1425 illius
1216 1402 1344 1426 errores

183 1479 330 1513 carpere,
354 1466 446 1501 haud
467 1478 542 1501 raro
559 1468 671 1501 tamen
697 1466 924 1502 adversarium
936 1479 1007 1501 non
1020 1479 1060 1502 ex
1074 1468 1181 1515 ipsius
1195 1468 1331 1515 placitis

182 1543 241 1578 sed
269 1555 288 1577 e
312 1554 373 1577 suo
402 1542 540 1589 ingenio
571 1542 772 1588 dijudicare,
797 1554 864 1587 quo
886 1543 1013 1577 factum
1035 1546 1086 1577 est
1111 1546 1151 1578 ut
1172 1544 1341 1579 interdum

180 1618 338 1664 iniquum
357 1617 476 1652 tulerit
492 1616 671 1663 judicium.

235 1697 283 1733 Τὸ
310 1696 516 1746 κατόρθωμα,
544 1700 584 1732 ut
608 1697 773 1740 vidimus,
799 1697 889 1744 apud
913 1697 1048 1733 Stoicos
1070 1700 1121 1733 est
1146 1699 1339 1748 πρόσταγμα

178 1782 290 1830 νόμον,
321 1779 355 1833 τὸ
378 1776 410 1815 δ’
441 1780 621 1829 ἁμάρτημα
649 1780 742 1838 νομου
772 1779 984 1829 ἀπαγόρευμα
1012 1781 1076 1827 (1)
1125 1780 1337 1829 Chrysippus

178 1863 260 1899 inde
271 1863 384 1907 efficit,
408 1861 460 1898 τὸν
489 1863 581 1910 νόμον
610 1860 717 1898 πολλὰ
746 1861 809 1902 τοῖς
837 1860 964 1911 φαύλοις
981 1861 1209 1911 ἀπαγορεύειν,
1230 1877 1338 1913 προσ-

177 1947 301 1981 τάττειν
330 1942 368 1979 δὲ
396 1941 511 1992 μηδέν·
542 1942 576 1978 οὐ
605 1943 671 1992 γάρ
699 1941 850 1979 δύνανται
879 1943 1062 1992 κατορθοῦν.

224 2026 425 2063 Notandum
451 2028 517 2069 est,
542 2025 770 2073 Chrysippum
796 2025 853 2061 hio
878 2038 948 2061 non
970 2038 1066 2073 agere
1091 2024 1162 2076 περὶ
1192 2029 1245 2062 τοῦ
1270 2041 1337 2062 κα-

214 2258 254 2292 (1)
273 2257 351 2284 Plut.
384 2256 419 2283 de
449 2255 579 2291 Repugn.
600 2254 688 2282 Stoic.
709 2264 738 2290 p.
761 2255 830 2282 1037
850 2253 997 2282 C.—1038
1019 2254 1059 2281 A.
1099 2254 1251 2290 Chrysippi
1269 2256 1337 2283 haec

175 2324 235 2343 esse
263 2316 347 2343 verba
370 2318 450 2351 putat
477 2314 622 2350 Wyttenb.
653 2314 689 2341 ad
715 2314 744 2341 h.
769 2314 789 2341 1.
838 2312 937 2347 Qualis
966 2313 1002 2341 sit
1026 2313 1224 2349 intelligendus
1252 2310 1337 2352 νόμος

174 2367 233 2394 vid.
254 2376 338 2402 supra
357 2376 385 2402 p.
407 2370 452 2394 23.

1218 2434 1237 2464 5
