1524 2932
784 226 825 259 75

224 328 426 375 Exemplum
453 328 541 375 apud
575 327 797 363 Plutarchum
812 364 816 366 μ
831 328 942 361 exstat
973 325 1009 360 ll.
1034 337 1065 372 p.
1099 327 1192 360 1046
1222 326 1254 360 B
1278 328 1312 360 et
1341 327 1380 361 G.

223 410 434 458 Chrysippus
476 409 526 445 ibi
564 407 742 444 contendit
798 407 854 445 τὴν
882 405 1149 456 ἐπιχαιρεκακίαν
1176 406 1378 457 ἀνύπαρκτον

221 491 300 528 εἶναι
305 519 317 539 ,
343 504 479 538 eamque
491 490 694 526 sententiam
706 491 826 536 argute
845 487 986 534 probare
999 488 1128 522 studet:
1157 487 1269 526 nQuis
1289 490 1379 523 enim

222 568 320 605 malis
332 568 481 617 gaudet?
532 568 589 603 An
613 565 747 602 bonus?
798 565 848 600 At
871 563 930 599 hic
946 576 1131 611 numquam
1145 563 1264 599 alienis
1285 565 1383 600 malis

220 645 391 694 gaudebit.
440 642 642 681 Anmalus?
693 641 760 678 Sed
772 640 893 677 horum
917 653 1016 677 nemo
1033 641 1148 676 omnio
1164 640 1292 689 gaudet
1319 642 1382 689 (l).

220 723 356 760 Praeter
376 724 483 759 bonos
501 724 613 757 autem
629 724 664 757 et
675 721 781 757 malos
797 732 895 756 nemo
909 720 1019 763 adest;
1044 732 1154 766 neque
1165 721 1275 768 igitur
1286 720 1382 756 adest

221 806 240 844 ἦ
270 797 557 855 ἐπιχαιρεκακιά.”

266 883 388 930 Longe
412 882 522 923 abest,
546 883 587 916 ut
610 879 699 915 hanc
724 879 1035 921 ratiocinationem,
1059 878 1141 913 licet
1166 879 1381 914 manifestum

220 971 363 996 errorem
397 957 587 999 contineat,
623 955 722 1003 plane
746 966 807 1002 pro
834 954 1009 989 delirantis
1034 954 1165 989 somnio
1192 953 1383 990 habeamus.

216 1035 304 1071 Levi
328 1033 446 1069 addita
465 1032 655 1068 mutatione
674 1030 785 1066 omnis
807 1042 898 1065 error
909 1032 1108 1066 removetur.
1157 1030 1284 1074 Nemo,
1297 1043 1381 1078 qua-

217 1116 317 1148 tenus
340 1110 451 1148 bonus
475 1112 542 1153 est,
565 1107 664 1144 mah's
689 1107 808 1144 alienis
833 1108 977 1156 gaudet,
1002 1120 1116 1151 nemu,
1133 1112 1299 1155 quatenus
1310 1121 1382 1144 ma-

217 1188 274 1225 lus
306 1189 373 1231 est,
410 1186 549 1222 omnino
578 1184 725 1233 gaudere
752 1187 873 1232 potest.
935 1184 1167 1232 (Notandum,
1200 1197 1272 1220 non
1305 1198 1382 1221 eum

215 1275 330 1301 revera
351 1263 498 1310 qaudere
529 1262 599 1309 (2),
632 1262 693 1308 qui
717 1261 797 1297 vitii
828 1263 888 1296 aut
908 1262 1041 1308 peccati
1066 1273 1167 1297 causa
1191 1274 1227 1297 se
1250 1262 1381 1298 felicem

216 1341 316 1387 putet
342 1352 349 1373 :
374 1338 432 1373 hic
460 1338 551 1373 enim
584 1349 603 1372 a
636 1339 740 1372 semet
763 1338 839 1384 ipso
871 1336 1030 1385 fallitur).
1080 1338 1177 1374 Hinc
1200 1350 1279 1374 vero
1311 1351 1381 1375 non

216 1415 386 1462 sequitur,
406 1414 575 1449 neminem
595 1412 694 1449 malis
716 1412 835 1448 alienis
860 1413 1005 1461 gaudere
1031 1427 1037 1448 :
1064 1426 1178 1450 omnes
1203 1415 1293 1450 enim
1318 1414 1380 1451 ho-

214 1492 322 1527 mines
359 1491 577 1539 aliquatenus
614 1489 711 1533 boni,
748 1490 967 1537 aliquatenus
998 1489 1079 1525 mali
1114 1490 1251 1526 dicendi
1276 1494 1378 1535 sunt;

214 1570 252 1604 in
285 1567 443 1603 omnibus
473 1566 558 1602 vitia
583 1566 760 1612 virtusque
784 1568 867 1601 sunt
890 1567 1066 1613 permixta.
1115 1567 1174 1602 Sic
1198 1580 1225 1603 e.
1249 1581 1283 1616 g.
1313 1568 1376 1603 alj-

212 1645 289 1692 quis
313 1643 458 1692 gaudere
482 1644 608 1689 potest,
633 1644 799 1688 quatenus
825 1642 868 1677 ad
894 1642 1000 1678 bonos
1025 1643 1181 1686 refertur,
1206 1647 1373 1690 quatenus

212 1726 354 1761 refertur
376 1724 419 1759 ad
442 1723 547 1759 malos
575 1718 739 1772 (φαύλους,
765 1723 992 1771 imperfectos)
1020 1736 1127 1759 enare
1139 1726 1251 1771 potest
1264 1725 1373 1761 aliena

211 1801 299 1837 mala
327 1813 442 1837 revera
465 1800 554 1836 bona
577 1801 717 1846 putans;
743 1801 854 1846 potest
881 1799 966 1835 alius
991 1801 1084 1846 quis,
1110 1806 1277 1847 quatenus
1302 1816 1372 1838 ma-

210 1877 265 1913 lus
289 1879 356 1920 est,
389 1876 559 1913 invidiose
583 1875 725 1911 aliorum
757 1875 844 1911 mala
877 1876 965 1911 laeto
1000 1877 1112 1912 animo
1138 1878 1373 1927 contemplari,

245 2050 285 2085 (1)
304 2049 349 2077 Ita
370 2049 447 2084 lego,
468 2053 601 2077 monente
619 2048 772 2076 Meziriaco
794 2053 822 2076 et
839 2049 974 2086 probante
984 2050 1215 2085 Wyttenbachio,
1235 2051 1369 2087 supplens

208 2108 264 2136 τῶν
288 2103 320 2135 δὲ
341 2103 455 2145 φαύλων
480 2102 573 2138 οὐδεὶς
594 2104 704 2145 χαίρει.
752 2106 908 2136 Concinere
930 2109 959 2135 id
977 2117 1042 2136 cum
1065 2109 1222 2137 Stoicorum
1240 2110 1369 2137 doctrina

207 2160 288 2187 docet
305 2159 401 2191 locus,
420 2166 504 2193 quem
525 2166 594 2185 mox
612 2158 724 2186 allaturi
739 2167 838 2186 sumus
854 2168 870 2187 e
889 2158 1032 2187 Ciceronis
1053 2159 1169 2193 Quaest.
1185 2160 1271 2188 Tusc.

245 2210 285 2245 (2)
305 2208 389 2237 Conf.
412 2207 530 2241 Cicero,
555 2207 670 2243 Quaest.
692 2208 777 2236 Tusc.
797 2209 852 2237 IV.
873 2218 899 2237 c.
918 2213 946 2237 6.
985 2210 1109 2246 „Quum
1131 2211 1239 2239 ratione
1257 2213 1368 2240 animus

205 2265 335 2289 movetur
352 2260 460 2295 placide
477 2263 560 2295 atque
575 2264 749 2293 constanter,
770 2264 831 2287 tum
849 2261 920 2287 illud
936 2260 1066 2296 qaudium
1082 2262 1199 2297 dicitur-5
1221 2271 1306 2297 quum
1318 2271 1368 2290 au-

205 2316 263 2340 tem
297 2312 419 2339 inaniter
449 2315 477 2338 et
504 2310 591 2338 effuse
622 2311 733 2337 animus
755 2311 892 2344 exsultat,
912 2316 973 2338 tum
995 2312 1044 2338 illa
1062 2312 1169 2339 laetitia
1186 2314 1304 2349 qestiens
1323 2314 1369 2342 vel

205 2362 290 2390 nimia
318 2363 373 2390 dici
405 2366 510 2399 potest,
537 2371 619 2397 quam
643 2362 682 2390 ita
700 2362 838 2390 definiunt
860 2363 947 2391 Stoici
968 2374 973 2390 :
996 2364 1056 2392 sine
1076 2365 1183 2392 ratione
1202 2366 1290 2393 animi
1313 2366 1369 2393 ela-

204 2413 309 2441 tionem
314 2413 340 2439 .’‘
