1524 2932
792 223 833 257 77

585 704 742 740 CAPUT
777 705 1009 742 TERTIUM.

246 835 292 859 m:
319 833 539 859 FELICITATE
566 834 730 862 EJUSQUE
759 835 836 859 CUM
863 835 1026 860 VIRTUTE
1055 836 1350 861 CONJUNCTIONE.

266 1171 310 1206 In
335 1170 563 1218 superioribus
585 1171 749 1217 vidimus,
774 1172 908 1208 Stoicos
930 1173 979 1209 ita
1002 1173 1043 1208 de
1064 1174 1192 1209 virtute
1205 1175 1380 1217 statuisse,

212 1258 259 1291 vut
295 1268 409 1291 omnes
434 1256 579 1292 virtutes
613 1256 655 1291 ad
680 1268 788 1291 unum
812 1260 972 1293 revocent
996 1257 1220 1305 principium,
1253 1257 1309 1295 τὴν
1338 1262 1377 1306 τῇ

213 1343 305 1386 κοινῇ
333 1338 421 1387 φύσει
451 1337 636 1387 ὁμολογίανς
672 1339 821 1375 vidimus
846 1340 963 1382 etiam,
988 1339 1053 1375 hoc
1078 1352 1192 1375 eorum
1216 1340 1379 1387 placitum

215 1414 314 1462 plane
346 1415 526 1451 convenire
555 1427 633 1450 011111
657 1427 712 1458 00,
737 1415 829 1461 quod
853 1414 985 1450 homini
1009 1418 1179 1462 tamquam
1209 1428 1377 1450 summum

213 1491 340 1526 bonum
364 1493 415 1526 est
439 1491 665 1538 propositum,
689 1492 813 1538 quippe
833 1491 924 1537 quod
944 1492 1056 1538 ipsum
1078 1504 1211 1538 quoque
1231 1492 1269 1526 in
1291 1504 1373 1526 con-

214 1579 317 1603 sensu
353 1579 431 1602 cum
468 1566 639 1602 communi
672 1569 794 1602 natura
825 1569 975 1614 positum
1009 1568 1071 1611 sit,
1105 1568 1186 1603 adeo
1220 1570 1260 1603 ut
1284 1579 1373 1603 unus

215 1644 350 1678 tantum
374 1641 504 1678 homini
528 1643 637 1690 possit
661 1654 732 1677 esse
756 1643 846 1678 vitae
871 1643 959 1678 finis.

263 1718 401 1765 Optime
434 1731 511 1753 cum
543 1717 637 1753 hisce
669 1722 864 1766 congruunt
898 1718 998 1755 verba
1023 1718 1221 1766 Chrysippi,
1246 1731 1332 1765 quae
1356 1732 1375 1754 a

215 1795 399 1831 Plutarcho
423 1796 461 1830 in
485 1795 573 1831 libro
596 1795 637 1830 de
661 1795 766 1842 Stoic.
790 1796 946 1843 Repugn.
980 1808 1012 1842 p.
1038 1797 1132 1830 1040
1159 1795 1203 1830 D.
1229 1796 1374 1830 afferun-

212 1874 271 1908 tur
296 1887 303 1908 z
331 1873 445 1908 uNon
472 1873 643 1919 justitiam
679 1872 795 1915 modo,
832 1871 891 1907 sed
924 1874 957 1907 et
989 1871 1302 1919 magnanimitatem
1339 1873 1373 1905 et

213 1949 468 1995 temperantiam
500 1951 533 1983 et
568 1960 681 1983 omnes
714 1947 860 1994 reliquas
885 1948 1029 1983 virtutes
1055 1946 1226 1982 sublatum
1250 1946 1310 1989 iri,
1343 1947 1373 1981 si

213 2027 272 2059 aut
306 2024 513 2071 voluptatem
547 2027 606 2059 aut
631 2024 752 2060 bonam
786 2024 1015 2059 valetudinem
1046 2025 1104 2058 aut
1140 2021 1244 2056 ullam
1274 2021 1373 2056 aliam

209 2111 294 2143 rem,
328 2112 414 2146 quae
446 2112 516 2135 non
550 2101 595 2135 sit
629 2100 781 2135 absolute
813 2099 969 2143 honesta,
1003 2101 1040 2134 in
1075 2099 1239 2134 bonorum
1270 2109 1373 2132 censu

210 2176 324 2213 haberi
358 2177 545 2224 patiamur”
572 2177 635 2224 (1).
694 2177 750 2212 Ad
781 2176 874 2212 hunc
908 2189 986 2213 vero
1019 2176 1132 2212 locum
1165 2174 1371 2211 Plutarchus

247 2365 286 2400 (1)
307 2364 392 2393 Cous.
413 2363 511 2393 Cicero
530 2365 564 2393 de
587 2364 694 2393 Officiis
712 2365 737 2392 Ι.
758 2374 784 2392 0.
805 2368 832 2392 2.
872 2385 889 2401 „
904 2364 960 2399 Qui
979 2372 1122 2392 summum
1144 2363 1250 2390 bonum
1270 2363 1310 2390 sic
1328 2363 1371 2390 in-

206 2415 310 2450 stituit,
331 2420 363 2444 ut
383 2416 455 2444 nihil
476 2416 576 2445 habeat
597 2425 661 2444 cum
684 2417 787 2445 virtute
808 2416 1007 2452 conjunctum,
1028 2415 1110 2450 idque
1133 2414 1192 2441 suis
1201 2413 1367 2447 commodis,
