<?xml version="1.0" encoding="UTF-8"?>
<!DOCTYPE html PUBLIC "-//W3C//DTD XHTML 1.0 Transitional//EN"
    "http://www.w3.org/TR/xhtml1/DTD/xhtml1-transitional.dtd">
<html xmlns="http://www.w3.org/1999/xhtml" xml:lang="en" lang="en">
 <head>
  <title>
</title>
<meta http-equiv="Content-Type" content="text/html;charset=utf-8" />
  <meta name='ocr-system' content='tesseract 3.04.00' />
  <meta name='ocr-capabilities' content='ocr_page ocr_carea ocr_par ocr_line ocrx_word'/>
</head>
<body>
  <div class='ocr_page' id='page_1' title='image "4737228_0076.png"; bbox 0 0 1524 2932; ppageno 0'>
   <div class='ocr_carea' id='block_1_1' title="bbox 766 214 810 247">
    <p class='ocr_par' dir='ltr' id='par_1_1' title="bbox 766 214 810 247">
     <span class='ocr_line' id='line_1_1' title="bbox 766 214 810 247; baseline -0.023 0"><span class='ocrx_word' id='word_1_1' title='bbox 766 214 810 247; x_wconf 90' lang='lat'><strong>56</strong></span> 
     </span>
    </p>
   </div>
   <div class='ocr_carea' id='block_1_2' title="bbox 191 319 1366 1802">
    <p class='ocr_par' dir='ltr' id='par_1_2' title="bbox 194 319 1366 1414">
     <span class='ocr_line' id='line_1_2' title="bbox 255 319 1366 373; baseline 0.005 -19"><span class='ocrx_word' id='word_1_2' title='bbox 255 319 351 354; x_wconf 89' lang='lat' dir='ltr'><strong>Idem</strong></span> <span class='ocrx_word' id='word_1_3' title='bbox 376 321 483 368; x_wconf 87' lang='lat' dir='ltr'><strong>igitur</strong></span> <span class='ocrx_word' id='word_1_4' title='bbox 508 321 599 368; x_wconf 88' lang='lat' dir='ltr'><strong>quod</strong></span> <span class='ocrx_word' id='word_1_5' title='bbox 617 333 717 367; x_wconf 81' lang='lat' dir='ltr'><strong>supra</strong></span> <span class='ocrx_word' id='word_1_6' title='bbox 735 321 917 368; x_wconf 85' lang='lat' dir='ltr'>Chrysippi</span> <span class='ocrx_word' id='word_1_7' title='bbox 929 321 1106 371; x_wconf 79' lang='grc' dir='ltr'><em>ἐναντίωμα</em></span> <span class='ocrx_word' id='word_1_8' title='bbox 1119 328 1217 373; x_wconf 83' lang='lat' dir='ltr'><strong>urget</strong></span> <span class='ocrx_word' id='word_1_9' title='bbox 1230 324 1366 360; x_wconf 78' lang='lat' dir='ltr'><strong>Plutar-</strong></span> 
     </span>
     <span class='ocr_line' id='line_1_3' title="bbox 206 394 1361 446; baseline 0.006 -16"><span class='ocrx_word' id='word_1_10' title='bbox 206 394 291 430; x_wconf 88' lang='lat' dir='ltr'><strong>chus</strong></span> <span class='ocrx_word' id='word_1_11' title='bbox 317 409 323 430; x_wconf 81' lang='lat' dir='ltr'><em>z</em></span> <span class='ocrx_word' id='word_1_12' title='bbox 351 396 449 432; x_wconf 90' lang='lat' dir='ltr'><strong>deum</strong></span> <span class='ocrx_word' id='word_1_13' title='bbox 473 396 602 433; x_wconf 88' lang='lat' dir='ltr'><strong>nullius</strong></span> <span class='ocrx_word' id='word_1_14' title='bbox 635 398 683 433; x_wconf 86' lang='lat' dir='ltr'><strong>rei</strong></span> <span class='ocrx_word' id='word_1_15' title='bbox 708 399 818 445; x_wconf 88' lang='lat' dir='ltr'><strong>turpis</strong></span> <span class='ocrx_word' id='word_1_16' title='bbox 848 398 1086 446; x_wconf 79' lang='lat' dir='ltr'><strong>qualicumque</strong></span> <span class='ocrx_word' id='word_1_17' title='bbox 1106 401 1206 436; x_wconf 86' lang='lat' dir='ltr'><strong>modo</strong></span> <span class='ocrx_word' id='word_1_18' title='bbox 1228 413 1361 437; x_wconf 86' lang='lat' dir='ltr'><strong>causam</strong></span> 
     </span>
     <span class='ocr_line' id='line_1_4' title="bbox 204 472 1360 520; baseline 0.006 -17"><span class='ocrx_word' id='word_1_19' title='bbox 204 482 290 512; x_wconf 86' lang='lat' dir='ltr'><strong>csse,</strong></span> <span class='ocrx_word' id='word_1_20' title='bbox 301 483 363 506; x_wconf 89' lang='lat' dir='ltr'><strong>nec</strong></span> <span class='ocrx_word' id='word_1_21' title='bbox 373 472 558 519; x_wconf 84' lang='lat' dir='ltr'><strong>quidquam</strong></span> <span class='ocrx_word' id='word_1_22' title='bbox 567 472 620 508; x_wconf 85' lang='lat' dir='ltr'><strong>vel</strong></span> <span class='ocrx_word' id='word_1_23' title='bbox 633 474 811 507; x_wconf 89' lang='lat' dir='ltr'><strong>minimum</strong></span> <span class='ocrx_word' id='word_1_24' title='bbox 824 485 920 508; x_wconf 90' lang='lat' dir='ltr'><strong>secus</strong></span> <span class='ocrx_word' id='word_1_25' title='bbox 934 474 1005 508; x_wconf 87' lang='lat' dir='ltr'><strong>fieri</strong></span> <span class='ocrx_word' id='word_1_26' title='bbox 1019 486 1116 520; x_wconf 86' lang='lat' dir='ltr'><strong>posse</strong></span> <span class='ocrx_word' id='word_1_27' title='bbox 1127 485 1228 520; x_wconf 87' lang='lat' dir='ltr'><strong>quam</strong></span> <span class='ocrx_word' id='word_1_28' title='bbox 1240 488 1360 511; x_wconf 79' lang='lat' dir='ltr'><strong>secun-.</strong></span> 
     </span>
     <span class='ocr_line' id='line_1_5' title="bbox 204 546 1363 599; baseline 0.005 -17"><span class='ocrx_word' id='word_1_29' title='bbox 204 546 286 583; x_wconf 92' lang='lat' dir='ltr'><strong>dum</strong></span> <span class='ocrx_word' id='word_1_30' title='bbox 312 560 522 585; x_wconf 91' lang='lat' dir='ltr'><strong>communem</strong></span> <span class='ocrx_word' id='word_1_31' title='bbox 555 553 710 586; x_wconf 83' lang='lat' dir='ltr'><strong>naturam</strong></span> <span class='ocrx_word' id='word_1_32' title='bbox 742 550 880 597; x_wconf 84' lang='lat' dir='ltr'><strong>ejusque</strong></span> <span class='ocrx_word' id='word_1_33' title='bbox 912 551 1085 586; x_wconf 87' lang='lat' dir='ltr'><strong>rationem.</strong></span> <span class='ocrx_word' id='word_1_34' title='bbox 1143 551 1234 588; x_wconf 85' lang='lat' dir='ltr'><strong>Nam</strong></span> <span class='ocrx_word' id='word_1_35' title='bbox 1258 565 1363 599; x_wconf 87' lang='lat' dir='ltr'><strong>quum</strong></span> 
     </span>
     <span class='ocr_line' id='line_1_6' title="bbox 204 628 1364 676; baseline 0.003 -15"><span class='ocrx_word' id='word_1_36' title='bbox 204 628 318 661; x_wconf 87' lang='lat' dir='ltr'><strong>omnia</strong></span> <span class='ocrx_word' id='word_1_37' title='bbox 343 628 584 663; x_wconf 84' lang='lat' dir='ltr'><strong>adscribuntur</strong></span> <span class='ocrx_word' id='word_1_38' title='bbox 608 628 689 671; x_wconf 89' lang='lat' dir='ltr'><strong>diis,</strong></span> <span class='ocrx_word' id='word_1_39' title='bbox 721 640 804 674; x_wconf 82' lang='lat' dir='ltr'><strong>quae</strong></span> <span class='ocrx_word' id='word_1_40' title='bbox 834 628 937 670; x_wconf 89' lang='lat' dir='ltr'><strong>fiunt,</strong></span> <span class='ocrx_word' id='word_1_41' title='bbox 962 629 1091 674; x_wconf 70' lang='lat' dir='ltr'><strong>utiquer</strong></span> <span class='ocrx_word' id='word_1_42' title='bbox 1117 628 1218 663; x_wconf 81' lang='lat' dir='ltr'><strong>etiam</strong></span> <span class='ocrx_word' id='word_1_43' title='bbox 1250 630 1364 676; x_wconf 84' lang='lat' dir='ltr'><strong>turpia</strong></span> 
     </span>
     <span class='ocr_line' id='line_1_7' title="bbox 203 711 1363 761; baseline 0.002 -16"><span class='ocrx_word' id='word_1_44' title='bbox 203 712 240 745; x_wconf 90' lang='lat' dir='ltr'><strong>in</strong></span> <span class='ocrx_word' id='word_1_45' title='bbox 278 713 321 746; x_wconf 91' lang='lat' dir='ltr'><strong>iis</strong></span> <span class='ocrx_word' id='word_1_46' title='bbox 352 713 423 747; x_wconf 86' lang='lat' dir='ltr'><strong>sint</strong></span> <span class='ocrx_word' id='word_1_47' title='bbox 452 724 587 747; x_wconf 87' lang='lat' dir='ltr'><strong>necesse</strong></span> <span class='ocrx_word' id='word_1_48' title='bbox 611 714 671 747; x_wconf 89' lang='lat' dir='ltr'><strong>est.</strong></span> <span class='ocrx_word' id='word_1_49' title='bbox 700 758 701 761; x_wconf 11' lang='grc' dir='ltr'><strong>Ἴ</strong></span> <span class='ocrx_word' id='word_1_50' title='bbox 734 711 945 758; x_wconf 84' lang='lat' dir='ltr'><strong>Chrysippus</strong></span> <span class='ocrx_word' id='word_1_51' title='bbox 983 711 1192 747; x_wconf 76' lang='lat' dir='ltr'><strong>contendit:</strong></span> <span class='ocrx_word' id='word_1_52' title='bbox 1217 712 1281 746; x_wconf 87' lang='grc' dir='ltr'>τῶν</span> <span class='ocrx_word' id='word_1_53' title='bbox 1309 714 1363 747; x_wconf 82' lang='grc' dir='ltr'><strong>τοῦ</strong></span> 
     </span>
     <span class='ocr_line' id='line_1_8' title="bbox 200 789 1360 841; baseline 0.001 -15"><span class='ocrx_word' id='word_1_54' title='bbox 200 790 272 827; x_wconf 87' lang='grc' dir='ltr'>ὅλου</span> <span class='ocrx_word' id='word_1_55' title='bbox 302 795 407 841; x_wconf 82' lang='grc' dir='ltr'><em>μερῶν</em></span> <span class='ocrx_word' id='word_1_56' title='bbox 435 790 537 840; x_wconf 73' lang='grc' dir='ltr'>μηδὲν</span> <span class='ocrx_word' id='word_1_57' title='bbox 565 794 653 840; x_wconf 86' lang='grc' dir='ltr'>ἔχειν</span> <span class='ocrx_word' id='word_1_58' title='bbox 683 794 765 833; x_wconf 84' lang='grc' dir='ltr'>ὅπως</span> <span class='ocrx_word' id='word_1_59' title='bbox 794 791 995 833; x_wconf 77' lang='grc' dir='ltr'>κινηθήσεται</span> <span class='ocrx_word' id='word_1_60' title='bbox 1016 791 1035 830; x_wconf 81' lang='grc' dir='ltr'>ἢ</span> <span class='ocrx_word' id='word_1_61' title='bbox 1052 795 1169 840; x_wconf 79' lang='grc' dir='ltr'>σχήσει</span> <span class='ocrx_word' id='word_1_62' title='bbox 1187 791 1293 832; x_wconf 85' lang='grc' dir='ltr'>ἄλλως</span> <span class='ocrx_word' id='word_1_63' title='bbox 1310 789 1360 837; x_wconf 63' lang='grc' dir='ltr'><strong>(ἢ)</strong></span> 
     </span>
     <span class='ocr_line' id='line_1_9' title="bbox 199 874 1360 923; baseline 0.002 -16"><span class='ocrx_word' id='word_1_64' title='bbox 199 874 283 908; x_wconf 79' lang='grc' dir='ltr'>κατὰ</span> <span class='ocrx_word' id='word_1_65' title='bbox 317 875 375 911; x_wconf 74' lang='grc' dir='ltr'>τὴν</span> <span class='ocrx_word' id='word_1_66' title='bbox 403 875 510 912; x_wconf 80' lang='grc' dir='ltr'>κοινὴν</span> <span class='ocrx_word' id='word_1_67' title='bbox 538 875 642 922; x_wconf 81' lang='grc' dir='ltr'>φύσιν.</span> <span class='ocrx_word' id='word_1_68' title='bbox 705 876 854 921; x_wconf 81' lang='lat' dir='ltr'><strong>Reponit</strong></span> <span class='ocrx_word' id='word_1_69' title='bbox 883 874 1088 909; x_wconf 75' lang='lat' dir='ltr'><strong>Plutarchus</strong></span> <span class='ocrx_word' id='word_1_70' title='bbox 1123 888 1129 909; x_wconf 80' lang='lat' dir='ltr'>z</span> <span class='ocrx_word' id='word_1_71' title='bbox 1164 876 1226 909; x_wconf 84' lang='grc' dir='ltr'>τῶν</span> <span class='ocrx_word' id='word_1_72' title='bbox 1255 876 1360 923; x_wconf 85' lang='grc' dir='ltr'><em>μερῶν</em></span> 
     </span>
     <span class='ocr_line' id='line_1_10' title="bbox 198 952 1362 1005; baseline 0 -15"><span class='ocrx_word' id='word_1_73' title='bbox 198 955 326 1001; x_wconf 84' lang='grc' dir='ltr'>σχέσεις</span> <span class='ocrx_word' id='word_1_74' title='bbox 341 954 419 990; x_wconf 85' lang='grc' dir='ltr'>εἶναι</span> <span class='ocrx_word' id='word_1_75' title='bbox 438 955 496 995; x_wconf 76' lang='grc' dir='ltr'>τὰς</span> <span class='ocrx_word' id='word_1_76' title='bbox 522 956 634 997; x_wconf 83' lang='grc' dir='ltr'>κακίας</span> <span class='ocrx_word' id='word_1_77' title='bbox 656 955 709 990; x_wconf 79' lang='grc' dir='ltr'>καὶ</span> <span class='ocrx_word' id='word_1_78' title='bbox 736 956 778 992; x_wconf 86' lang='grc' dir='ltr'><strong>τὰ</strong></span> <span class='ocrx_word' id='word_1_79' title='bbox 794 959 971 1004; x_wconf 86' lang='grc' dir='ltr'>νοσήματα,</span> <span class='ocrx_word' id='word_1_80' title='bbox 988 955 1207 1005; x_wconf 78' lang='grc' dir='ltr'><strong>φιλαργυρίας,</strong></span> <span class='ocrx_word' id='word_1_81' title='bbox 1224 952 1362 1004; x_wconf 74' lang='grc' dir='ltr'>φιλοδο-</span> 
     </span>
     <span class='ocr_line' id='line_1_11' title="bbox 197 1034 1361 1087; baseline 0.001 -16"><span class='ocrx_word' id='word_1_82' title='bbox 197 1035 284 1083; x_wconf 83' lang='grc' dir='ltr'>ξίας,</span> <span class='ocrx_word' id='word_1_83' title='bbox 314 1034 454 1084; x_wconf 71' lang='grc' dir='ltr'>δειλίας,</span> <span class='ocrx_word' id='word_1_84' title='bbox 479 1034 622 1078; x_wconf 72' lang='grc' dir='ltr'>ἀδικίας·</span> <span class='ocrx_word' id='word_1_85' title='bbox 655 1040 791 1078; x_wconf 81' lang='grc' dir='ltr'>κινήσεις</span> <span class='ocrx_word' id='word_1_86' title='bbox 820 1035 875 1085; x_wconf 75' lang='grc' dir='ltr'><strong>δὲ,</strong></span> <span class='ocrx_word' id='word_1_87' title='bbox 894 1037 1057 1086; x_wconf 80' lang='grc' dir='ltr'>μοιχείαις,</span> <span class='ocrx_word' id='word_1_88' title='bbox 1075 1035 1214 1085; x_wconf 78' lang='grc' dir='ltr'>κλοπάς,</span> <span class='ocrx_word' id='word_1_89' title='bbox 1233 1034 1361 1087; x_wconf 73' lang='grc' dir='ltr'>προδο-</span> 
     </span>
     <span class='ocr_line' id='line_1_12' title="bbox 197 1117 1360 1169; baseline -0.002 -13"><span class='ocrx_word' id='word_1_90' title='bbox 197 1120 284 1167; x_wconf 89' lang='grc' dir='ltr'>σιάς,</span> <span class='ocrx_word' id='word_1_91' title='bbox 323 1117 549 1168; x_wconf 70' lang='grc' dir='ltr'>ἀνδροφονίας,</span> <span class='ocrx_word' id='word_1_92' title='bbox 580 1119 816 1169; x_wconf 81' lang='grc' dir='ltr'>πατροκτονίας·</span> <span class='ocrx_word' id='word_1_93' title='bbox 857 1123 890 1155; x_wconf 86' lang='lat' dir='ltr'><strong>et</strong></span> <span class='ocrx_word' id='word_1_94' title='bbox 928 1132 1007 1167; x_wconf 88' lang='lat' dir='ltr'><strong>ergo</strong></span> <span class='ocrx_word' id='word_1_95' title='bbox 1059 1120 1153 1165; x_wconf 88' lang='lat' dir='ltr'><strong>sequi</strong></span> <span class='ocrx_word' id='word_1_96' title='bbox 1194 1132 1213 1154; x_wconf 90' lang='lat' dir='ltr'><strong>e</strong></span> <span class='ocrx_word' id='word_1_97' title='bbox 1251 1118 1360 1165; x_wconf 88' lang='lat' dir='ltr'><strong>Chry-</strong></span> 
     </span>
     <span class='ocr_line' id='line_1_13' title="bbox 196 1199 1360 1250; baseline 0 -14"><span class='ocrx_word' id='word_1_98' title='bbox 196 1202 285 1248; x_wconf 89' lang='lat' dir='ltr'><strong>sippi</strong></span> <span class='ocrx_word' id='word_1_99' title='bbox 306 1202 416 1236; x_wconf 80' lang='lat' dir='ltr'><strong>effatis</strong></span> <span class='ocrx_word' id='word_1_100' title='bbox 443 1215 449 1235; x_wconf 92' lang='lat'>:</span> <span class='ocrx_word' id='word_1_101' title='bbox 475 1203 556 1236; x_wconf 87' lang='grc' dir='ltr'>ὥστε</span> <span class='ocrx_word' id='word_1_102' title='bbox 586 1201 630 1249; x_wconf 79' lang='grc' dir='ltr'><strong>μὴ</strong></span> <span class='ocrx_word' id='word_1_103' title='bbox 659 1199 800 1249; x_wconf 78' lang='grc' dir='ltr'>γίνεσθαι</span> <span class='ocrx_word' id='word_1_104' title='bbox 828 1200 919 1249; x_wconf 82' lang='grc' dir='ltr'>παρὰ</span> <span class='ocrx_word' id='word_1_105' title='bbox 948 1199 999 1236; x_wconf 83' lang='grc' dir='ltr'>τὸν</span> <span class='ocrx_word' id='word_1_106' title='bbox 1028 1201 1121 1248; x_wconf 88' lang='grc' dir='ltr'>νόμον</span> <span class='ocrx_word' id='word_1_107' title='bbox 1149 1199 1184 1237; x_wconf 88' lang='grc' dir='ltr'><strong>τὸ</strong></span> <span class='ocrx_word' id='word_1_108' title='bbox 1212 1213 1360 1250; x_wconf 86' lang='grc' dir='ltr'>παρανο-</span> 
     </span>
     <span class='ocr_line' id='line_1_14' title="bbox 194 1280 1360 1332; baseline 0.001 -15"><span class='ocrx_word' id='word_1_109' title='bbox 194 1283 283 1330; x_wconf 81' lang='grc' dir='ltr'>μεῖν,</span> <span class='ocrx_word' id='word_1_110' title='bbox 320 1280 407 1330; x_wconf 76' lang='grc' dir='ltr'><em>μηδὲ</em></span> <span class='ocrx_word' id='word_1_111' title='bbox 445 1283 536 1332; x_wconf 82' lang='grc' dir='ltr'>παρὰ</span> <span class='ocrx_word' id='word_1_112' title='bbox 574 1284 630 1320; x_wconf 76' lang='grc' dir='ltr'>τὴν</span> <span class='ocrx_word' id='word_1_113' title='bbox 667 1280 761 1323; x_wconf 75' lang='grc' dir='ltr'>δίκην</span> <span class='ocrx_word' id='word_1_114' title='bbox 799 1281 834 1317; x_wconf 87' lang='grc' dir='ltr'><strong>τὸ</strong></span> <span class='ocrx_word' id='word_1_115' title='bbox 866 1280 1009 1329; x_wconf 77' lang='grc' dir='ltr'>ἀδικεῖν,</span> <span class='ocrx_word' id='word_1_116' title='bbox 1051 1280 1137 1330; x_wconf 67' lang='grc' dir='ltr'><em>μηδὲ</em></span> <span class='ocrx_word' id='word_1_117' title='bbox 1175 1283 1265 1332; x_wconf 76' lang='grc' dir='ltr'>παρὰ</span> <span class='ocrx_word' id='word_1_118' title='bbox 1303 1284 1360 1322; x_wconf 85' lang='grc' dir='ltr'>τὴν</span> 
     </span>
     <span class='ocr_line' id='line_1_15' title="bbox 194 1364 709 1414; baseline -0.002 -14"><span class='ocrx_word' id='word_1_119' title='bbox 194 1365 342 1414; x_wconf 88' lang='grc' dir='ltr'>πρόνοιαν</span> <span class='ocrx_word' id='word_1_120' title='bbox 372 1364 406 1400; x_wconf 88' lang='grc' dir='ltr'><strong>τὸ</strong></span> <span class='ocrx_word' id='word_1_121' title='bbox 435 1365 628 1400; x_wconf 84' lang='grc' dir='ltr'>κακοποιεῖν.</span> <span class='ocrx_word' id='word_1_122' title='bbox 658 1365 709 1411; x_wconf 89' lang='grc'><strong>(1)</strong></span> 
     </span>
    </p>

    <p class='ocr_par' dir='ltr' id='par_1_3' title="bbox 191 1440 1357 1802">
     <span class='ocr_line' id='line_1_16' title="bbox 241 1440 1357 1487; baseline 0 -11"><span class='ocrx_word' id='word_1_123' title='bbox 241 1440 593 1477; x_wconf 82' lang='lat' dir='ltr'><strong>Animadvertendum</strong></span> <span class='ocrx_word' id='word_1_124' title='bbox 623 1440 852 1487; x_wconf 87' lang='lat' dir='ltr'><strong>Chrysippum</strong></span> <span class='ocrx_word' id='word_1_125' title='bbox 883 1452 1014 1487; x_wconf 81' lang='lat' dir='ltr'>operam</span> <span class='ocrx_word' id='word_1_126' title='bbox 1048 1441 1184 1487; x_wconf 88' lang='lat' dir='ltr'><strong>quidem</strong></span> <span class='ocrx_word' id='word_1_127' title='bbox 1210 1440 1357 1485; x_wconf 85' lang='lat' dir='ltr'><strong>dedisse,</strong></span> 
     </span>
     <span class='ocr_line' id='line_1_17' title="bbox 192 1517 1355 1565; baseline 0.001 -13"><span class='ocrx_word' id='word_1_128' title='bbox 192 1520 233 1552; x_wconf 82' lang='lat' dir='ltr'><strong>ut</strong></span> <span class='ocrx_word' id='word_1_129' title='bbox 263 1517 362 1552; x_wconf 89' lang='lat' dir='ltr'><strong>deum</strong></span> <span class='ocrx_word' id='word_1_130' title='bbox 389 1530 407 1552; x_wconf 82' lang='lat' dir='ltr'><strong>a</strong></span> <span class='ocrx_word' id='word_1_131' title='bbox 431 1517 595 1552; x_wconf 86' lang='lat' dir='ltr'><strong>malorum</strong></span> <span class='ocrx_word' id='word_1_132' title='bbox 621 1517 721 1565; x_wconf 87' lang='lat' dir='ltr'><strong>culpa</strong></span> <span class='ocrx_word' id='word_1_133' title='bbox 740 1517 912 1559; x_wconf 84' lang='lat' dir='ltr'><strong>liberaret,</strong></span> <span class='ocrx_word' id='word_1_134' title='bbox 936 1530 1006 1552; x_wconf 87' lang='lat' dir='ltr'><strong>non</strong></span> <span class='ocrx_word' id='word_1_135' title='bbox 1020 1529 1098 1552; x_wconf 87' lang='lat' dir='ltr'><strong>vero</strong></span> <span class='ocrx_word' id='word_1_136' title='bbox 1123 1517 1212 1552; x_wconf 88' lang='lat' dir='ltr'><strong>illud</strong></span> <span class='ocrx_word' id='word_1_137' title='bbox 1230 1519 1355 1565; x_wconf 87' lang='lat' dir='ltr'><strong>egisse,</strong></span> 
     </span>
     <span class='ocr_line' id='line_1_18' title="bbox 192 1594 1356 1641; baseline 0 -13"><span class='ocrx_word' id='word_1_138' title='bbox 192 1597 233 1629; x_wconf 83' lang='lat' dir='ltr'><strong>ut</strong></span> <span class='ocrx_word' id='word_1_139' title='bbox 254 1594 425 1629; x_wconf 89' lang='lat' dir='ltr'><strong>hominem</strong></span> <span class='ocrx_word' id='word_1_140' title='bbox 456 1595 569 1641; x_wconf 90' lang='lat' dir='ltr'><strong>ipsum</strong></span> <span class='ocrx_word' id='word_1_141' title='bbox 591 1594 715 1629; x_wconf 79' lang='lat' dir='ltr'><strong>diserte</strong></span> <span class='ocrx_word' id='word_1_142' title='bbox 735 1606 814 1628; x_wconf 84' lang='lat' dir='ltr'><strong>suae</strong></span> <span class='ocrx_word' id='word_1_143' title='bbox 846 1594 995 1629; x_wconf 78' lang='lat' dir='ltr'><strong>malitiae</strong></span> <span class='ocrx_word' id='word_1_144' title='bbox 1018 1605 1113 1628; x_wconf 88' lang='lat' dir='ltr'><strong>reum</strong></span> <span class='ocrx_word' id='word_1_145' title='bbox 1140 1594 1263 1629; x_wconf 83' lang='lat' dir='ltr'><strong>faceret</strong></span> <span class='ocrx_word' id='word_1_146' title='bbox 1292 1595 1356 1641; x_wconf 80' lang='lat'><strong>(2).</strong></span> 
     </span>
     <span class='ocr_line' id='line_1_19' title="bbox 192 1669 1355 1719; baseline -0.001 -12"><span class='ocrx_word' id='word_1_147' title='bbox 192 1670 335 1707; x_wconf 83' lang='lat' dir='ltr'><strong>Duabus</strong></span> <span class='ocrx_word' id='word_1_148' title='bbox 361 1671 451 1706; x_wconf 88' lang='lat' dir='ltr'><strong>enim</strong></span> <span class='ocrx_word' id='word_1_149' title='bbox 472 1670 526 1706; x_wconf 91' lang='lat' dir='ltr'><strong>his</strong></span> <span class='ocrx_word' id='word_1_150' title='bbox 547 1670 738 1707; x_wconf 81' lang='lat' dir='ltr'><strong>rationibus</strong></span> <span class='ocrx_word' id='word_1_151' title='bbox 762 1682 935 1706; x_wconf 84' lang='lat' dir='ltr'><strong>occurrere</strong></span> <span class='ocrx_word' id='word_1_152' title='bbox 959 1669 1070 1707; x_wconf 90' lang='lat' dir='ltr'><strong>voluit</strong></span> <span class='ocrx_word' id='word_1_153' title='bbox 1093 1671 1355 1719; x_wconf 81' lang='lat' dir='ltr'><strong>repugnantiae:</strong></span> 
     </span>
     <span class='ocr_line' id='line_1_20' title="bbox 191 1753 1273 1802; baseline 0.002 -13"><span class='ocrx_word' id='word_1_154' title='bbox 191 1755 305 1789; x_wconf 86' lang='lat' dir='ltr'><strong>omnia</strong></span> <span class='ocrx_word' id='word_1_155' title='bbox 330 1755 402 1790; x_wconf 87' lang='lat' dir='ltr'><strong>fieri</strong></span> <span class='ocrx_word' id='word_1_156' title='bbox 427 1754 512 1789; x_wconf 78' lang='grc' dir='ltr'>κατὰ</span> <span class='ocrx_word' id='word_1_157' title='bbox 540 1753 592 1789; x_wconf 78' lang='grc' dir='ltr'>τὸν</span> <span class='ocrx_word' id='word_1_158' title='bbox 622 1754 696 1794; x_wconf 89' lang='grc' dir='ltr'>Δίος</span> <span class='ocrx_word' id='word_1_159' title='bbox 725 1753 818 1802; x_wconf 80' lang='grc' dir='ltr'>λόγον</span> <span class='ocrx_word' id='word_1_160' title='bbox 842 1757 876 1789; x_wconf 85' lang='lat' dir='ltr'><strong>et</strong></span> <span class='ocrx_word' id='word_1_161' title='bbox 900 1755 957 1792; x_wconf 81' lang='grc' dir='ltr'>τὴν</span> <span class='ocrx_word' id='word_1_162' title='bbox 987 1754 1101 1789; x_wconf 85' lang='grc' dir='ltr'>κακίαν</span> <span class='ocrx_word' id='word_1_163' title='bbox 1127 1755 1241 1791; x_wconf 80' lang='lat' dir='ltr'><strong>adesse</strong></span> <span class='ocrx_word' id='word_1_164' title='bbox 1266 1770 1273 1791; x_wconf 92' lang='lat'>:</span> 
     </span>
    </p>
   </div>
   <div class='ocr_carea' id='block_1_3' title="bbox 239 1836 1357 1877">
    <p class='ocr_par' dir='ltr' id='par_1_4' title="bbox 239 1836 1357 1877">
     <span class='ocr_line' id='line_1_21' title="bbox 239 1836 1357 1877; baseline 0.005 -6"><span class='ocrx_word' id='word_1_165' title='bbox 239 1851 269 1871; x_wconf 83' lang='lat' dir='ltr'><strong>a.</strong></span> <span class='ocrx_word' id='word_1_166' title='bbox 320 1836 436 1871; x_wconf 89' lang='lat' dir='ltr'><strong>Primo</strong></span> <span class='ocrx_word' id='word_1_167' title='bbox 462 1836 639 1871; x_wconf 78' lang='lat' dir='ltr'><strong>contendit</strong></span> <span class='ocrx_word' id='word_1_168' title='bbox 664 1836 720 1874; x_wconf 79' lang='grc' dir='ltr'>τὴν</span> <span class='ocrx_word' id='word_1_169' title='bbox 748 1836 863 1871; x_wconf 77' lang='grc' dir='ltr'>κακίαν</span> <span class='ocrx_word' id='word_1_170' title='bbox 887 1849 958 1872; x_wconf 87' lang='lat' dir='ltr'><strong>esse</strong></span> <span class='ocrx_word' id='word_1_171' title='bbox 988 1840 1208 1875; x_wconf 85' lang='lat' dir='ltr'><strong>necessariam</strong></span> <span class='ocrx_word' id='word_1_172' title='bbox 1233 1844 1267 1876; x_wconf 87' lang='lat' dir='ltr'><strong>et</strong></span> <span class='ocrx_word' id='word_1_173' title='bbox 1287 1853 1357 1877; x_wconf 91' lang='lat' dir='ltr'><strong>non</strong></span> 
     </span>
    </p>
   </div>
   <div class='ocr_carea' id='block_1_4' title="bbox 185 1992 1361 2436">
    <p class='ocr_par' dir='ltr' id='par_1_5' title="bbox 185 1992 1361 2334">
     <span class='ocr_line' id='line_1_22' title="bbox 229 1992 1355 2033; baseline 0.007 -14"><span class='ocrx_word' id='word_1_174' title='bbox 229 1993 268 2028; x_wconf 90' lang='lat'><strong>(1)</strong></span> <span class='ocrx_word' id='word_1_175' title='bbox 289 1992 334 2020; x_wconf 88' lang='lat' dir='ltr'><strong>De</strong></span> <span class='ocrx_word' id='word_1_176' title='bbox 366 1992 504 2029; x_wconf 85' lang='lat' dir='ltr'><strong>Epicuro,</strong></span> <span class='ocrx_word' id='word_1_177' title='bbox 538 2001 621 2028; x_wconf 90' lang='lat' dir='ltr'><strong>quem</strong></span> <span class='ocrx_word' id='word_1_178' title='bbox 655 1994 684 2020; x_wconf 93' lang='lat' dir='ltr'><strong>h.</strong></span> <span class='ocrx_word' id='word_1_179' title='bbox 712 1994 732 2020; x_wconf 90' lang='lat'><strong>1.</strong></span> <span class='ocrx_word' id='word_1_180' title='bbox 757 1994 925 2023; x_wconf 80' lang='lat' dir='ltr'><strong>Plutarchus</strong></span> <span class='ocrx_word' id='word_1_181' title='bbox 944 1996 1104 2032; x_wconf 84' lang='lat' dir='ltr'><strong>Chrysippo</strong></span> <span class='ocrx_word' id='word_1_182' title='bbox 1122 1997 1258 2033; x_wconf 85' lang='lat' dir='ltr'><strong>praeferre</strong></span> <span class='ocrx_word' id='word_1_183' title='bbox 1276 1999 1355 2027; x_wconf 87' lang='lat' dir='ltr'><strong>vide-</strong></span> 
     </span>
     <span class='ocr_line' id='line_1_23' title="bbox 187 2044 1354 2085; baseline 0.006 -14"><span class='ocrx_word' id='word_1_184' title='bbox 187 2049 251 2079; x_wconf 80' lang='lat' dir='ltr'><strong>tur,</strong></span> <span class='ocrx_word' id='word_1_185' title='bbox 272 2044 375 2080; x_wconf 86' lang='lat' dir='ltr'><strong>quippe</strong></span> <span class='ocrx_word' id='word_1_186' title='bbox 399 2045 447 2080; x_wconf 89' lang='lat' dir='ltr'><strong>qui</strong></span> <span class='ocrx_word' id='word_1_187' title='bbox 470 2052 639 2080; x_wconf 83' lang='lat' dir='ltr'><strong>magnopere</strong></span> <span class='ocrx_word' id='word_1_188' title='bbox 661 2045 691 2072; x_wconf 86' lang='lat' dir='ltr'><strong>id</strong></span> <span class='ocrx_word' id='word_1_189' title='bbox 713 2045 828 2080; x_wconf 85' lang='lat' dir='ltr'><strong>egisset,</strong></span> <span class='ocrx_word' id='word_1_190' title='bbox 848 2050 880 2074; x_wconf 88' lang='lat' dir='ltr'><strong>ut</strong></span> <span class='ocrx_word' id='word_1_191' title='bbox 901 2047 1075 2075; x_wconf 82' lang='lat' dir='ltr'><strong>voluntatem</strong></span> <span class='ocrx_word' id='word_1_192' title='bbox 1088 2049 1285 2085; x_wconf 78' lang='lat' dir='ltr'><strong>asempitema</strong></span> <span class='ocrx_word' id='word_1_193' title='bbox 1293 2058 1354 2078; x_wconf 86' lang='lat' dir='ltr'><strong>mo—</strong></span> 
     </span>
     <span class='ocr_line' id='line_1_24' title="bbox 187 2096 1355 2138; baseline 0.006 -15"><span class='ocrx_word' id='word_1_194' title='bbox 187 2097 265 2124; x_wconf 87' lang='lat' dir='ltr'><strong>tione</strong></span> <span class='ocrx_word' id='word_1_195' title='bbox 280 2096 425 2129; x_wconf 80' lang='lat' dir='ltr'><strong>liberaret,</strong></span> <span class='ocrx_word' id='word_1_196' title='bbox 446 2104 534 2131; x_wconf 89' lang='lat' dir='ltr'><strong>eoque</strong></span> <span class='ocrx_word' id='word_1_197' title='bbox 555 2096 630 2123; x_wconf 83' lang='lat' dir='ltr'><strong>haud</strong></span> <span class='ocrx_word' id='word_1_198' title='bbox 648 2097 845 2132; x_wconf 83' lang='lat' dir='ltr'><strong>inculpabilem</strong></span> <span class='ocrx_word' id='word_1_199' title='bbox 855 2099 1023 2135; x_wconf 80' lang='lat' dir='ltr'><strong>relinqueret</strong></span> <span class='ocrx_word' id='word_1_200' title='bbox 1031 2100 1179 2135; x_wconf 83' lang='lat' dir='ltr'><strong>malitiam,</strong></span> <span class='ocrx_word' id='word_1_201' title='bbox 1189 2101 1264 2129; x_wconf 88' lang='lat' dir='ltr'><strong>conf.</strong></span> <span class='ocrx_word' id='word_1_202' title='bbox 1275 2110 1355 2138; x_wconf 88' lang='lat' dir='ltr'><strong>prae-</strong></span> 
     </span>
     <span class='ocr_line' id='line_1_25' title="bbox 185 2147 1354 2181; baseline 0.005 -7"><span class='ocrx_word' id='word_1_203' title='bbox 185 2153 229 2175; x_wconf 78' lang='lat' dir='ltr'><strong>ter</strong></span> <span class='ocrx_word' id='word_1_204' title='bbox 247 2148 317 2175; x_wconf 83' lang='lat' dir='ltr'><strong>alios</strong></span> <span class='ocrx_word' id='word_1_205' title='bbox 336 2147 400 2175; x_wconf 86' lang='lat' dir='ltr'><strong>Cic.</strong></span> <span class='ocrx_word' id='word_1_206' title='bbox 440 2155 455 2175; x_wconf 68' lang='grc' dir='ltr'><strong>ι’</strong></span> <span class='ocrx_word' id='word_1_207' title='bbox 474 2147 531 2174; x_wconf 75' lang='lat' dir='ltr'><strong>fato</strong></span> <span class='ocrx_word' id='word_1_208' title='bbox 549 2156 575 2174; x_wconf 89' lang='lat' dir='ltr'><strong>c.</strong></span> <span class='ocrx_word' id='word_1_209' title='bbox 594 2151 626 2180; x_wconf 80' lang='lat'><strong>9,</strong></span> <span class='ocrx_word' id='word_1_210' title='bbox 659 2150 706 2181; x_wconf 90' lang='grc'><strong>10,</strong></span> <span class='ocrx_word' id='word_1_211' title='bbox 731 2151 761 2175; x_wconf 95' lang='lat' dir='ltr'><strong>ll</strong></span> <span class='ocrx_word' id='word_1_212' title='bbox 777 2153 804 2176; x_wconf 83' lang='lat' dir='ltr'><strong>et</strong></span> <span class='ocrx_word' id='word_1_213' title='bbox 820 2152 863 2177; x_wconf 84' lang='lat'><strong>19.</strong></span> <span class='ocrx_word' id='word_1_214' title='bbox 901 2150 1049 2178; x_wconf 82' lang='lat' dir='ltr'><strong>Caeterum</strong></span> <span class='ocrx_word' id='word_1_215' title='bbox 1074 2152 1354 2180; x_wconf 77' lang='lat' dir='ltr'><strong>animadvertendum</strong></span> 
     </span>
     <span class='ocr_line' id='line_1_26' title="bbox 188 2198 1354 2238; baseline 0.004 -12"><span class='ocrx_word' id='word_1_216' title='bbox 188 2199 257 2226; x_wconf 83' lang='lat' dir='ltr'><strong>satis</strong></span> <span class='ocrx_word' id='word_1_217' title='bbox 275 2198 404 2233; x_wconf 86' lang='lat' dir='ltr'><strong>iniquum</strong></span> <span class='ocrx_word' id='word_1_218' title='bbox 424 2198 585 2233; x_wconf 70' lang='lat' dir='ltr'><strong>Chrysippo</strong></span> <span class='ocrx_word' id='word_1_219' title='bbox 603 2198 632 2225; x_wconf 88' lang='lat' dir='ltr'><strong>h.</strong></span> <span class='ocrx_word' id='word_1_220' title='bbox 653 2198 674 2225; x_wconf 92' lang='lat'><strong>1.</strong></span> <span class='ocrx_word' id='word_1_221' title='bbox 695 2199 785 2226; x_wconf 84' lang='lat' dir='ltr'><strong>videri</strong></span> <span class='ocrx_word' id='word_1_222' title='bbox 804 2199 997 2228; x_wconf 80' lang='lat' dir='ltr'><strong>Plutarchum.</strong></span> <span class='ocrx_word' id='word_1_223' title='bbox 1026 2201 1110 2229; x_wconf 87' lang='lat' dir='ltr'><strong>Conf.</strong></span> <span class='ocrx_word' id='word_1_224' title='bbox 1130 2211 1164 2230; x_wconf 84' lang='lat' dir='ltr'><strong>ea</strong></span> <span class='ocrx_word' id='word_1_225' title='bbox 1187 2211 1258 2238; x_wconf 85' lang='lat' dir='ltr'><strong>quae</strong></span> <span class='ocrx_word' id='word_1_226' title='bbox 1282 2203 1354 2231; x_wconf 81' lang='lat' dir='ltr'><strong>dixi-</strong></span> 
     </span>
     <span class='ocr_line' id='line_1_27' title="bbox 185 2250 1361 2289; baseline 0.004 -12"><span class='ocrx_word' id='word_1_227' title='bbox 185 2257 249 2277; x_wconf 83' lang='lat' dir='ltr'><strong>mus</strong></span> <span class='ocrx_word' id='word_1_228' title='bbox 280 2257 366 2285; x_wconf 88' lang='lat' dir='ltr'><strong>supra</strong></span> <span class='ocrx_word' id='word_1_229' title='bbox 393 2257 422 2284; x_wconf 91' lang='lat' dir='ltr'><strong>p.</strong></span> <span class='ocrx_word' id='word_1_230' title='bbox 452 2251 483 2277; x_wconf 84' lang='grc'><strong>18</strong></span> <span class='ocrx_word' id='word_1_231' title='bbox 512 2253 540 2277; x_wconf 81' lang='lat' dir='ltr'><strong>et</strong></span> <span class='ocrx_word' id='word_1_232' title='bbox 566 2252 616 2283; x_wconf 80' lang='lat'><strong>19,</strong></span> <span class='ocrx_word' id='word_1_233' title='bbox 638 2253 665 2277; x_wconf 87' lang='lat' dir='ltr'><strong>et</strong></span> <span class='ocrx_word' id='word_1_234' title='bbox 692 2250 777 2278; x_wconf 82' lang='lat' dir='ltr'><strong>allata</strong></span> <span class='ocrx_word' id='word_1_235' title='bbox 789 2251 824 2279; x_wconf 83' lang='lat' dir='ltr'><strong>ab</strong></span> <span class='ocrx_word' id='word_1_236' title='bbox 842 2252 903 2288; x_wconf 89' lang='lat' dir='ltr'><strong>ipso</strong></span> <span class='ocrx_word' id='word_1_237' title='bbox 925 2252 1077 2281; x_wconf 81' lang='lat' dir='ltr'><strong>Plutarcho</strong></span> <span class='ocrx_word' id='word_1_238' title='bbox 1096 2252 1247 2289; x_wconf 81' lang='lat' dir='ltr'><strong>Chrysippi</strong></span> <span class='ocrx_word' id='word_1_239' title='bbox 1268 2254 1361 2282; x_wconf 33' lang='lat' dir='ltr'><strong>verba*</strong></span> 
     </span>
     <span class='ocr_line' id='line_1_28' title="bbox 187 2299 529 2334; baseline -0.003 -7"><span class='ocrx_word' id='word_1_240' title='bbox 187 2309 216 2334; x_wconf 86' lang='lat' dir='ltr'><strong>p.</strong></span> <span class='ocrx_word' id='word_1_241' title='bbox 240 2302 310 2327; x_wconf 83' lang='lat'>1056</span> <span class='ocrx_word' id='word_1_242' title='bbox 329 2299 469 2327; x_wconf 85' lang='lat' dir='ltr'>A—1057</span> <span class='ocrx_word' id='word_1_243' title='bbox 490 2299 529 2326; x_wconf 92' lang='lat' dir='ltr'><strong>D.</strong></span> 
     </span>
    </p>

    <p class='ocr_par' dir='ltr' id='par_1_6' title="bbox 187 2349 1348 2436">
     <span class='ocr_line' id='line_1_29' title="bbox 224 2349 1348 2386; baseline 0.007 -10"><span class='ocrx_word' id='word_1_244' title='bbox 224 2351 264 2385; x_wconf 81' lang='lat'><strong>(2)</strong></span> <span class='ocrx_word' id='word_1_245' title='bbox 284 2349 453 2377; x_wconf 81' lang='lat' dir='ltr'><strong>Plutarchus</strong></span> <span class='ocrx_word' id='word_1_246' title='bbox 488 2350 532 2377; x_wconf 89' lang='lat' dir='ltr'><strong>l.l.</strong></span> <span class='ocrx_word' id='word_1_247' title='bbox 563 2360 591 2386; x_wconf 90' lang='lat' dir='ltr'><strong>p.</strong></span> <span class='ocrx_word' id='word_1_248' title='bbox 625 2353 695 2378; x_wconf 86' lang='lat'>1050</span> <span class='ocrx_word' id='word_1_249' title='bbox 721 2351 853 2379; x_wconf 82' lang='lat' dir='ltr'>E—1051</span> <span class='ocrx_word' id='word_1_250' title='bbox 887 2352 921 2380; x_wconf 87' lang='lat' dir='ltr'><strong>C.</strong></span> <span class='ocrx_word' id='word_1_251' title='bbox 963 2352 1046 2382; x_wconf 89' lang='lat' dir='ltr'><strong>Conf.</strong></span> <span class='ocrx_word' id='word_1_252' title='bbox 1079 2354 1156 2381; x_wconf 80' lang='lat' dir='ltr'><strong>Plut.</strong></span> <span class='ocrx_word' id='word_1_253' title='bbox 1187 2354 1221 2383; x_wconf 89' lang='lat' dir='ltr'><strong>de</strong></span> <span class='ocrx_word' id='word_1_254' title='bbox 1238 2354 1348 2383; x_wconf 89' lang='lat' dir='ltr'><strong>Comm.</strong></span> 
     </span>
     <span class='ocr_line' id='line_1_30' title="bbox 187 2401 550 2436; baseline -0.003 -7"><span class='ocrx_word' id='word_1_255' title='bbox 187 2401 254 2429; x_wconf 87' lang='lat' dir='ltr'><strong>Not.</strong></span> <span class='ocrx_word' id='word_1_256' title='bbox 276 2411 304 2436; x_wconf 87' lang='lat' dir='ltr'><strong>p.</strong></span> <span class='ocrx_word' id='word_1_257' title='bbox 328 2404 398 2428; x_wconf 78' lang='lat'>1064</span> <span class='ocrx_word' id='word_1_258' title='bbox 418 2406 443 2429; x_wconf 88' lang='lat' dir='ltr'><strong>et</strong></span> <span class='ocrx_word' id='word_1_259' title='bbox 470 2404 550 2428; x_wconf 85' lang='lat'>1065.</span> 
     </span>
    </p>
   </div>
  </div>
 </body>
</html>
