1524 2932
772 240 792 271 2

204 340 350 376 donatus
369 343 419 375 est
435 341 497 388 (l).
548 339 694 376 Audivit
716 340 883 375 Zenonem
904 339 1089 377 Cittiaeum
1107 343 1140 377 et
1153 339 1364 383 Cleanthem,

203 429 302 463 quem
327 419 459 465 excepit
484 429 657 452 successor
676 418 714 453 in
739 417 933 452 Stoicorum
959 416 1083 452 schola.
1133 419 1230 453 Inter
1255 417 1366 464 Chry-

204 494 293 541 sippi
327 494 513 541 discipulos
552 494 643 529 Zeno
676 494 850 529 Tarsensis
882 496 916 528 et
949 493 1122 541 Diogenes
1155 494 1367 541 Babylonius
1399 492 1406 498 ’

205 582 284 616 prae
310 571 430 606 ceteris
455 571 543 605 fama
567 570 808 605 inclaruerunt.

254 647 354 681 Diem
381 659 572 693 supremum
597 646 684 681 obiit
708 646 842 693 Olymp.
869 645 1037 681 CXLIII.
1069 646 1111 692 (a.
1137 658 1166 680 a.
1191 645 1230 681 C.
1253 658 1287 681 n.
1299 646 1367 681 fere

207 722 311 767 204),
344 722 462 756 aetatis
492 721 739 768 septuagesimo
768 722 871 756 tertio
904 722 968 769 (2).
1018 721 1072 756 Dc
1102 721 1223 756 mortis
1247 732 1368 768 genere

206 795 264 831 alii
290 795 356 831 alia
379 796 538 839 tradunt,
562 775 660 831 nemo
685 798 797 831 tamen
822 796 960 840 retulit,
989 809 1065 831 eum
1090 809 1151 831 sua
1175 795 1241 831 sibi
1265 808 1368 831 manu

206 874 348 907 mortem
374 872 588 908 conscivisse.

254 950 299 984 In
323 949 537 997 philosophia
557 949 734 985 tractanda
755 948 966 996 Chrysippus
986 960 1073 991 non,
1097 951 1138 983 ut
1158 946 1371 995 Pythagorae

207 1025 383 1072 discipuli,
407 1026 446 1059 in
471 1025 571 1061 verba
599 1026 755 1073 magistri
779 1025 925 1072 juravit,
958 1036 1066 1071 neque
1091 1024 1190 1059 anxie
1223 1036 1258 1058 se
1290 1035 1370 1057 suae

208 1103 317 1136 sectae
349 1100 485 1148 placitis
520 1101 715 1137 adstrinxit.
765 1101 905 1148 Saepius
939 1113 959 1135 a
988 1100 1124 1135 Zenone
1148 1101 1182 1134 et
1207 1097 1371 1134 Cleanthe

210 1176 368 1221 dissidet;
401 1177 486 1224 quin
515 1177 696 1225 Antipater
725 1176 901 1212 Tarsensis
930 1189 1015 1224 opus
1044 1176 1212 1224 peculiare
1245 1175 1372 1211 dicitur

211 1255 437 1301 composuisse
447 1254 487 1289 de
500 1254 689 1291 differentia
700 1256 791 1290 inter
804 1254 1002 1290 Cleanthem
1015 1258 1049 1290 et
1062 1254 1290 1302 Chrysippum
1306 1255 1371 1301 (3).

211 1331 328 1378 Ipsum
356 1330 584 1379 Chrysippum
614 1331 788 1368 dictitasse
806 1316 947 1368 ierunt:

375 1478 468 1532 Ἐγὼ
491 1481 530 1519 δὲ
558 1483 663 1520 τᾶλλα
692 1487 850 1534 μακάριος
879 1480 988 1534 πέφυκ’
1020 1485 1121 1534 ἀνὴρ,

375 1563 469 1603 Πλὴν
496 1565 539 1605 εἰς
568 1564 746 1605 Κλεάνθην·
779 1567 872 1601 τοῦτο
900 1561 993 1601 δὀὐκ
1020 1563 1214 1613 εὐδαιμονῶ.

260 1711 302 1745 Id
328 1711 484 1757 inprimis
505 1711 656 1754 studuit,
681 1715 721 1746 ut
742 1724 857 1747 omnes
882 1713 1029 1747 rationes
1055 1712 1097 1747 ab
1118 1714 1260 1758 utraque
1280 1714 1374 1759 parte

213 1786 447 1821 consideraret.
497 1787 629 1822 Statuit
658 1788 704 1830 ei,
737 1789 796 1834 qui
829 1800 899 1823 non
928 1788 965 1822 id
991 1787 1058 1823 sibi
1082 1788 1312 1835 proposuisset
1336 1789 1376 1822 ut

210 1868 383 1911 doctrinae
401 1872 546 1916 systema
563 1868 721 1905 conderet
749 1869 940 1919 (ἐπιστήμην
968 1869 1289 1921 ἐνεργαζόμενος),ἰῐι
1301 1883 1373 1906 om-

211 1946 314 1981 nibus
344 1945 443 1980 rebus
469 1946 696 1981 assensionem
721 1946 947 1989 retinendam,
972 1950 1006 1982 et
1035 1946 1076 1982 ab
1101 1948 1244 1992 utraque
1267 1950 1375 1994 parte,

250 2108 289 2142 (1)
309 2108 387 2134 Plut.
415 2109 449 2134 dc
478 2107 565 2136 Stoic.
585 2107 717 2143 Repugn.
737 2117 766 2143 p.
787 2111 856 2135 1034
875 2108 915 2134 A.
955 2107 1058 2135 Utrum
1077 2108 1222 2136 Zenonem
1237 2108 1377 2135 audiverit

211 2157 388 2194 Chrysippus
407 2158 491 2186 dubio
510 2159 664 2187 obnoxium
683 2158 794 2186 videtur
817 2159 946 2194 (Baguet.
966 2158 1012 2186 l.l.
1032 2167 1062 2195 p.
1086 2160 1142 2195 18).
1162 2159 1297 2187 Difficilis
1309 2167 1376 2187 vero

213 2210 281 2237 haec
300 2215 342 2238 cst
360 2211 503 2245 quaestio,
524 2220 610 2246 quum
634 2210 757 2238 Zenonis
779 2214 855 2238 aetas
875 2219 933 2238 non
956 2214 1084 2238 accurate
1105 2211 1195 2247 possit
1216 2210 1338 2238 definiri.

251 2271 290 2304 (2)
312 2270 398 2304 Diog.
425 2270 461 2296 L.
481 2269 546 2297 Lib.
568 2270 638 2296 VII.
662 2270 678 2304 ξ
699 2272 761 2297 184.
801 2269 912 2303 Suidas,
929 2270 959 2296 in
976 2278 1045 2297 voce
1063 2266 1245 2306 Χρύσιππος.
1266 2283 1301 2290 -
1320 2268 1378 2295 Va-

212 2320 298 2348 lerius
322 2320 469 2348 Maximus
484 2324 578 2348 autem
602 2329 667 2348 eum
686 2321 857 2356 octogesimo
876 2321 974 2349 aetatis
993 2329 1070 2349 anno
1085 2320 1221 2356 Logicam
1240 2328 1320 2347 suam
1339 2320 1374 2347 ad

212 2372 298 2399 finem
317 2372 480 2406 perduxisse
497 2376 625 2399 testatur.
647 2371 721 2406 (Lib.
742 2372 828 2399 VIII.
849 2380 874 2399 c.
893 2373 931 2406 7).

253 2424 291 2456 (3)
313 2422 396 2449 Conf.
418 2423 480 2448 loca
501 2423 578 2449 laud.
598 2423 672 2457 apud
691 2423 816 2456 Baguet,
843 2424 885 2449 l.l.
912 2432 939 2457 p.
961 2426 1006 2448 23.
