1524 2932
759 222 801 255 21

205 335 272 371 qua
295 323 332 358 in
354 323 425 358 vita'
449 322 594 360 hominis
618 338 654 360 se
677 326 818 372 aperiat,
838 325 1063 372 proferentur,
1087 338 1181 361 nunc
1205 327 1358 362 universe

204 398 386 448 Chrysippi
411 399 452 435 de
474 399 539 436 hoc
564 403 760 450 argumento
780 400 923 449 placita,
948 403 1114 450 quatenus
1135 401 1178 436 ad
1198 414 1261 437 nos
1282 414 1356 450 per-

205 488 338 519 venere,
362 478 547 524 exposituri
569 490 694 513 sumus,

252 551 436 590 Doctrinae
458 553 593 590 moralis
616 565 688 590 non
712 552 806 588 aliud
829 564 900 588 esse
923 553 1129 601 principium
1153 553 1222 589 nisi
1246 565 1265 589 a
1285 553 1360 589 loco

205 629 246 665 de
270 629 361 674 Deo,
386 643 463 666 cum
484 631 603 666 ceteris
624 630 751 665 Stoicis
773 629 1002 678 Chrysippum
1028 630 1183 666 docuisse
1207 633 1299 678 patet
1320 644 1361 666 ex
1412 623 1415 626 ¹

204 725 242 748 eo
277 713 368 758 loco,
404 726 503 762 quem
538 712 746 748 Plutarchus
779 714 889 756 affert,
925 725 957 760 p.
991 714 1084 748 1035
1123 713 1161 748 C.
1217 712 1269 748 Οὐ
1297 715 1363 763 γάρ

202 793 287 831 ἐστιν
311 793 415 836 ἄλλως
443 790 510 830 οὐδ’
540 793 720 844 οἰκειότερον
746 793 885 831 ἐπελθεῖν
912 794 964 831 ἐπὶ
989 794 1041 831 τὸν
1068 792 1131 830 τῶν
1153 794 1285 844 ἀγαθῶν
1299 794 1360 830 λό-

201 964 256 1001 τῆς
273 964 377 1001 κοινῆς
386 958 503 1010 φύσεως
518 958 572 994 καὶ
596 958 662 996 ἀπὸ
687 964 741 1000 τῆς
767 961 821 995 τοῦ
840 960 958 1007 κόσμου
983 956 1169 999 διοικήσεως
1184 960 1247 1007 (1).
1273 959 1360 996 Cum

201 1036 266 1071 hoc
290 1036 471 1071 enunciato
496 1036 648 1071 concinit
660 1036 732 1083 ejus
755 1036 910 1071 doctrina
933 1035 1084 1078 moralis,
1109 1048 1209 1084 quam
1230 1037 1359 1083 princi—

200 1118 257 1166 pio
281 1117 341 1153 illo
369 1118 421 1165 (τῇ
446 1117 533 1166 κοίνῃ
564 1117 667 1166 φύσει)
694 1118 761 1153 niti
785 1118 902 1165 paucis
925 1116 1236 1153 demonstrabimus.

250 1201 426 1236 Summum
449 1201 596 1235 hominis
620 1200 757 1235 moralis
777 1200 987 1246 propositum
1007 1202 1059 1234 est
1084 1204 1121 1246 τῇ
1154 1199 1243 1248 φύσει
1274 1199 1358 1247 ὁμο-

200 1283 394 1333 λογουμένως
415 1285 474 1332 ζῇν
502 1284 565 1331 (2).
630 1283 707 1319 Hac
735 1283 773 1318 in
806 1294 841 1317 re
873 1294 988 1333 omnes
1013 1282 1221 1331 antiquiores
1252 1282 1360 1317 Stoici

201 1360 424 1403 conveniunt,
449 1359 659 1407 Chrysippus
692 1371 771 1395 vero
796 1358 926 1407 aliquid
963 1358 1106 1394 addidit.
1157 1359 1358 1394 statuerunt

199 1436 289 1471 enim
314 1436 419 1479 Zeno,
443 1435 639 1478 Cleanthes,
664 1435 790 1484 aliique
814 1448 821 1470 :
846 1434 976 1474 homini
1003 1443 1074 1470 esse
1094 1435 1278 1471 vivendum
1305 1448 1355 1471 se-

199 1518 349 1554 cundum
373 1518 478 1556 κοινὴν
512 1517 622 1566 φύσιν;
649 1517 859 1565 Chrysippus
889 1528 967 1553 vero
989 1516 1165 1552 contendit
1186 1518 1217 1552 ei
1237 1518 1355 1553 viven-

199 1601 279 1636 dum
312 1612 382 1635 esse
414 1599 598 1635 secundum
631 1599 722 1648 φύσιν
742 1600 848 1638 κοινὴν
879 1598 933 1634 καὶ
959 1596 1046 1640 ἰδίως
1067 1600 1123 1638 τὴν
1140 1599 1352 1649 ἀνθρωπίνην.

197 1677 242 1713 In
267 1675 391 1724 quibus
426 1675 534 1723 magis
560 1674 653 1710 verbi
676 1686 777 1722 quam
800 1674 848 1709 rei
882 1674 1063 1710 discrimen
1099 1686 1171 1710 esse
1202 1674 1354 1718 videtur,

196 1772 274 1795 cum
299 1759 389 1794 Zeno
412 1757 503 1793 haud
526 1757 639 1792 minus
660 1769 760 1804 quam
772 1756 982 1803 Chrysippus
1016 1755 1068 1791 τὸν
1103 1755 1195 1805 λόγον
1230 1756 1352 1792 habeat

194 1844 285 1876 recte
301 1839 440 1876 vivendi
465 1839 652 1881 criterium3
678 1837 769 1872 unde
780 1841 872 1885 patet
884 1850 960 1873 eum
985 1843 1023 1886 τῇ
1040 1843 1127 1886 κοινῇ
1145 1838 1233 1886 φύσει
1248 1840 1350 1874 etiam

195 1923 252 1962 τὴν
280 1920 479 1971 ἀνθρωπίνην
506 1920 599 1969 φύσιν
622 1919 837 1956 intellexisse.

242 2002 538 2051 Quaeritur,quid
554 2004 601 2038 sit
625 2003 709 2038 κατὰ
736 2003 828 2052 φύσιν
855 2005 934 2051 ζῇν,
960 2003 1014 2038 vel
1026 2003 1155 2049 potius,
1177 2003 1286 2050 qualis
1304 2004 1351 2038 sit

193 2085 283 2136 φύσις
307 2097 359 2128 ea,
384 2084 427 2119 ad
450 2096 551 2133 quam
575 2084 723 2119 hominis
747 2085 820 2120 vita
844 2084 1088 2120 accommodari
1114 2084 1246 2123 debeat„
1278 2084 1350 2119 Do-

191 2161 329 2198 lendum
354 2163 423 2203 est,
447 2160 581 2195 Stoicos
605 2159 837 2207 philosophiae
865 2173 945 2196 suae
965 2160 1062 2209 quasi
1086 2160 1267 2196 terminum
1289 2172 1349 2206 po-

230 2366 269 2400 (1)
290 2364 374 2392 Conf.
394 2364 478 2400 Diog.
499 2363 534 2391 L.
554 2364 590 2391 L.
611 2364 681 2391 VII.
703 2365 718 2400 §
741 2365 786 2393 87.
826 2363 885 2392 Cic.
911 2364 945 2392 de
968 2363 1090 2399 Legibus
1112 2363 1190 2391 II.c.
1207 2366 1222 2390 4
1237 2364 1265 2391 in
1280 2364 1345 2391 fine.

231 2416 269 2450 (2)
289 2415 378 2451 Diog.
402 2415 436 2442 L.
457 2414 521 2442 Lib.
545 2415 614 2442 VII.
636 2416 652 2449 ξ
671 2417 722 2448 87,
741 2418 786 2443 89.
826 2415 960 2443 Stobaeus
981 2415 1022 2443 ΙΙ.
1043 2423 1071 2449 p.
1099 2417 1160 2442 132.
