1524 2932
719 181 795 239 '26

190 330 238 365 μα
265 317 328 364 (l).
379 316 452 353 Isto
477 313 593 349 addito
609 313 710 360 juste
735 314 776 349 fit
799 317 887 349 reete
901 315 1054 360 factum.
1105 314 1169 349 Per
1194 326 1229 349 se
1241 317 1351 349 autem

189 399 255 435 hoc
287 399 399 445 ipsum
423 395 560 432 reddere
582 395 621 431 in
641 395 749 443 officio
776 393 973 442 (καθήκοντι)
999 395 1148 442 ponitur.

200 459 202 461 Ι
238 480 429 517 Distinctio
465 478 526 514 illa
560 478 651 513 inter
686 476 722 513 τὸ
749 475 885 514 καθῆκον
922 479 956 512 et
993 475 1027 512 τὸ
1054 475 1244 525 κατόρθωμα
1277 488 1348 512 11011

189 558 294 593 unius
318 555 518 603 Chrysippi,
539 554 597 590 sed
617 554 726 589 totius
746 556 857 588 sectae
875 551 1029 589 habenda
1046 555 1113 596 est,
1138 555 1172 588 et
1184 565 1205 588 a
1217 553 1351 589 Zenone

188 634 383 670 Stoicorum
406 631 560 679 principe
589 630 755 678 originem
780 629 890 665 duxit.
951 629 1098 665 Etiamsi
1121 629 1262 665 nonnisi
1285 629 1351 665 hoc

189 723 297 747 unum
317 709 455 745 illorum
475 707 640 755 placitum
665 707 708 742 ad
732 709 884 755 posteros
908 708 1131 755 pervenisset,
1155 707 1210 744 vel
1229 708 1280 743 sic
1299 710 1352 744 ta—

188 799 265 823 men
290 798 346 821 eos
371 784 497 832 optime
519 783 560 818 (le
582 782 796 830 philosophia
807 783 927 819 morali
951 785 1113 820 memisse
1133 783 1350 820 statuendum

189 866 276 899 esset
303 863 367 910 (2).
416 861 584 908 Magnum
609 861 699 896 enim
728 860 771 895 ad
797 860 986 896 doctrinam
1015 861 1173 898 moralem
1196 873 1351 909 progr&-

188 952 266 975 sum
291 939 374 974 facit
394 936 468 980 ille,
493 937 553 985 qui
574 949 662 979 11011,
687 939 727 972 ut
751 935 852 972 homo
875 936 987 980 rudis,
1007 939 1184 973 externum
1215 939 1351 973 tantum

189 1015 345 1050 habitum
375 1015 580 1060 externaque
614 1012 704 1047 facta
728 1012 983 1055 animadvertit,
1020 1012 1079 1047 sed
1103 1011 1207 1048 altius
1239 1013 1352 1048 inves-

188 1092 303 1139 tigans
338 1089 381 1125 ad.
417 1088 586 1136 principia
615 1099 730 1123 eorum
756 1099 841 1136 quae
865 1090 1016 1136 aguntur
1035 1090 1209 1135 penetrare
1226 1088 1351 1124 studet.

191 1167 286 1202 Haec
311 1165 463 1213 quaestio
485 1164 642 1210 primaria
663 1163 831 1206 habenda3
857 1163 1022 1210 neglectis
1046 1164 1136 1198 enim
1157 1164 1351 1211 principiis,

191 1243 233 1278 de
253 1242 363 1289 pretio
384 1241 529 1275 actionis
551 1238 695 1286 alicujus
718 1238 837 1274 morali
863 1238 952 1274 nihil
973 1239 1107 1275 decerni
1127 1242 1249 1286 potest.

240 1318 329 1353 Cum
358 1329 412 1359 e0‚
437 1315 530 1364 quod
554 1327 668 1350 omnes
694 1316 837 1351 virtutes
874 1315 917 1350 ad
942 1328 1049 1351 unum
1073 1316 1223 1353 referunt
1256 1317 1350 1364 prin-

192 1397 320 1444 cipium
347 1396 416 1442 (3),
442 1406 510 1442 quo
536 1393 713 1428 deficiente
746 1393 868 1429 virtuti
892 1393 988 1429 locus
1021 1406 1091 1429 non
1116 1395 1177 1438 sit,
1203 1394 1270 1430 duo
1295 1407 1351 1430 eo-

191 1486 267 1508 rum
301 1472 485 1518 conjuncta
517 1473 598 1505 sunt
634 1469 760 1516 placita
786 1483 792 1504 :
818 1469 975 1505 Alterum
1002 1483 1009 1504 :
1035 1483 1124 1513 eum,
1160 1471 1219 1518 qui
1251 1483 1353 1506 unam

192 1549 313 1584 habeat
337 1548 510 1589 virtutem,
535 1558 645 1581 omna?
665 1547 802 1585 habam
830 1545 992 1581 alterum:
1018 1547 1130 1581 omnia
1150 1548 1354 1593 rectefacta

192 1631 225 1661 et
252 1625 364 1660 omnia
390 1626 534 1671 peccata
558 1635 629 1657 esee
648 1622 762 1669 paria.
813 1622 867 1657 De
887 1624 1031 1669 utroque
1051 1622 1183 1670 saepius
1208 1623 1245 1658 in
1271 1635 1353 1658 con-

193 1702 390 1738 troversiam
414 1702 535 1736 vocato
556 1698 739 1735 videamus.

279 1799 310 1834 I.
364 1798 430 1837 Qui
450 1810 552 1832 unam
576 1797 697 1831 habeat
717 1796 891 1839 virtutem,
916 1809 989 1831 eum
1011 1808 1121 1831 omnes
1141 1797 1269 1832 babere.

245 1896 419 1930 Virtutem
443 1906 546 1929 unam
570 1906 707 1941 eamque
730 1893 944 1929 individuam
965 1905 1036 1928 esse
1059 1893 1170 1941 plures
1196 1896 1273 1929 ante
1294 1894 1355 1929 Ze—

234 2049 273 2084 (l)
294 2047 357 2076 Cic.
387 2047 422 2075 de
440 2045 560 2074 Finibus
585 2045 642 2073 III.
666 2054 692 2073 c.
714 2048 729 2074 7
750 2051 777 2074 et
801 2049 845 2074 18.
875 2044 959 2074 Conf.
989 2046 1024 2074 dc
1046 2047 1099 2075 hoc
1115 2047 1273 2075 Stoicorum
1296 2048 1355 2084 pla-

194 2102 250 2129 cito
270 2099 374 2128 Garve.
395 2099 439 2126 1.l.
463 2098 489 2125 I.
510 2107 538 2134 p.
562 2099 594 2125 17
619 2106 661 2133 sq.

233 2152 273 2186 (2)
294 2150 410 2178 Certum
441 2153 483 2177 est
514 2148 607 2184 plures
636 2153 701 2176 ante
722 2148 866 2177 Zenonem
887 2149 1034 2176 discrimen
1055 2149 1129 2177 inter
1146 2150 1219 2177 facta.
1238 2150 1357 2177 moralia

194 2208 221 2232 et
238 2202 355 2238 legalia,
376 2210 403 2236 q.
424 2201 452 2227 d.
473 2200 715 2228 animadvertisse.
735 2200 851 2228 Primus
869 2205 979 2234 autem,
1000 2198 1030 2228 ni
1046 2200 1185 2235 fallimur,
1205 2200 1259 2227 fuit
1268 2200 1357 2234 Zeno,

195 2255 243 2290 qui
262 2254 293 2280 in
315 2252 440 2279 doctrina
462 2252 561 2278 morali
580 2252 698 2279 diversis
718 2252 850 2279 adhibitis
869 2252 1030 2279 nominibus
1050 2256 1167 2287 utraque
1186 2252 1287 2279 diserte
1303 2252 1359 2279 dis-

196 2308 332 2332 cerneret.
353 2302 437 2330 Conf.
459 2302 661 2336 Tennemann,
682 2302 725 2329 l.l.
747 2303 800 2329 IV.
823 2312 850 2338 p.
875 2306 936 2330 llo.

237 2357 276 2391 (3)
297 2354 427 2390 „Omnia
457 2354 548 2382 officia
567 2363 583 2381 a
602 2354 738 2390 principio
758 2360 874 2383 naturae
892 2355 1135 2391 proficiscuntur.’'
1174 2354 1235 2382 Cic.
1255 2355 1290 2383 de
1310 2355 1357 2383 Fi-

198 2407 281 2434 nibus
297 2406 367 2432 VII.
391 2414 416 2431 c.
444 2407 469 2431 7.
495 2405 509 2438 5
529 2408 574 2431 23.
