1524 2932
772 214 816 246 74

206 317 274 351 ista
303 316 451 351 maximo
478 316 530 362 (1)
571 315 745 350 benefacto
767 314 918 360 aequalia
951 318 1052 361 atque
1076 316 1152 352 ideo
1178 328 1280 363 aeque
1300 316 1374 352 lau-

208 391 320 427 danda
341 391 507 427 habuisse.

254 467 353 521 Quae
378 479 477 514 porro
511 479 530 502 a
554 466 739 502 Plutarcho
769 467 957 502 afferuntur
980 466 1165 515 Chrysippi
1190 470 1372 505 enunciata

208 544 250 580 de
288 545 473 580 amicorum
512 543 723 586 discrimine,
759 555 865 589 quum
898 543 957 579 alii
995 543 1099 580 ah‘um
1137 544 1307 580 amicitiae
1339 548 1373 581 et

207 621 287 656 fidei
324 623 516 656 mereantur
548 620 701 655 obtinere
733 619 892 667 gradum,
929 619 1104 656 difficilius
1139 632 1158 656 a
1194 620 1372 668 reprehen-

208 698 303 733 sione
344 699 489 744 possunt
522 696 701 732 vindicari.
763 696 807 731 Id
845 697 935 732 enim
974 698 1132 734 universe
1167 697 1374 741 notandum,

207 774 245 808 in
282 772 467 819 Chrysippi
499 771 713 819 philosophia
746 772 865 807 morali
895 773 1010 808 omnia
1042 774 1110 808 fere
1132 777 1223 809 recte
1247 786 1282 808 se
1311 773 1372 808 ha-

208 850 304 892 bere,
338 849 399 885 ubi
433 849 474 884 de
497 849 597 884 rebus
623 849 818 892 abstractis,
852 849 892 885 de
912 850 1041 885 virtute
1071 853 1105 885 et
1138 850 1234 886 vitiis
1255 862 1314 897 per
1339 863 1375 886 se

209 925 371 972 spectatis
406 936 513 960 sermo
547 926 616 967 est;
650 925 764 959 minus
798 936 877 960 vero
907 937 983 960 eum
1016 925 1083 961 sibi
1117 937 1317 974 congruere,
1342 926 1373 961 si

207 1002 295 1037 ratio
316 1001 506 1047 quaeritur,
531 1012 598 1046 qua
626 1001 665 1034 in
689 999 826 1035 homine
845 1000 927 1035 haec
956 1002 1069 1036 omnia
1090 1001 1213 1037 adsint.
1263 1001 1375 1036 Causa

208 1081 274 1121 est,
299 1079 336 1113 ni
366 1077 480 1120 fallor,
506 1077 699 1112 Stoicorum
726 1075 815 1111 illud
848 1076 1029 1124 placitum,
1063 1089 1131 1124 quo
1169 1090 1283 1113 omnes
1314 1079 1374 1113 aut

209 1156 317 1191 bonos
341 1157 400 1190 aut
417 1166 538 1202 pravos
559 1166 631 1188 esse
651 1152 774 1188 volunt
798 1154 862 1200 (2).
912 1154 1035 1199 Itaque
1055 1156 1089 1189 et
1111 1153 1169 1189 hic
1193 1154 1306 1197 locus,
1330 1153 1374 1189 li-

211 1236 265 1267 cet
292 1244 370 1267 cum
394 1231 572 1267 hominum
610 1229 825 1272 conditione,
859 1229 974 1275 quales
999 1230 1037 1264 in
1063 1230 1137 1265 vita
1162 1233 1377 1277 spectantur,

209 1310 350 1344 omnino
377 1309 554 1350 concinat,
578 1309 710 1353 pugnat
731 1308 844 1341 tamen
866 1318 944 1341 cum
961 1318 1077 1341 eorum
1098 1305 1224 1353 placito
1252 1320 1258 1340 :
1280 1308 1374 1353 sapi-

211 1389 304 1420 entes
326 1384 415 1419 solos
439 1385 530 1419 inter
550 1395 587 1418 se
612 1382 736 1416 amicos
757 1394 836 1417 esse.
861 1382 912 1428 (3)

261 1537 456 1571 Stoicorum
489 1546 614 1577 errore,
647 1546 747 1581 quem
778 1545 879 1580 supra
903 1533 1113 1575 notavimus,
1146 1533 1211 1568 duo
1245 1537 1377 1568 tantum

210 1625 283 1648 esse
299 1613 469 1647 hominum
491 1624 631 1658 ymera,
657 1612 755 1646 bonoe
776 1614 810 1645 et
830 1610 952 1653 malos,
977 1608 1185 1645 Plutarchus
1206 1622 1289 1645 usus
1310 1612 1379 1653 est,

208 1693 248 1725 ut
282 1689 512 1735 Chrysippum
546 1688 613 1723 sibi
646 1699 851 1735 repugnasse
873 1687 1037 1734 probaret.
1088 1688 1210 1733 Neque
1234 1687 1374 1730 mirum,

209 1780 286 1802 eum
318 1766 383 1802 hac
408 1767 446 1801 in
479 1778 515 1801 re
539 1766 606 1801 sibi
632 1764 890 1800 contradixisse.
952 1764 1009 1800 Ab
1042 1763 1146 1800 altera
1167 1764 1257 1799 enim
1282 1766 1377 1811 parte

210 1842 276 1877 hoc
297 1842 462 1889 placitum
480 1853 550 1876 non
571 1841 686 1888 potuit
709 1852 780 1875 non
805 1852 882 1875 eum
907 1840 1072 1875 adducere
1090 1839 1133 1874 ad
1153 1852 1323 1887 perversas
1338 1839 1380 1875 de

210 1918 331 1954 morali
355 1917 505 1953 hominis
531 1916 729 1952 conditione
749 1917 942 1964 opiniones,
968 1916 1009 1952 ab
1040 1916 1144 1952 altera
1167 1919 1262 1964 parte
1295 1929 1378 1953 con-

209 1995 349 2030 trariam
369 1994 452 2028 huic
474 1994 676 2028 sententiam
695 1994 810 2028 afferre
828 1993 945 2028 debuit
970 1993 1160 2029 observatio
1184 1994 1377 2036 hominum,

210 2071 325 2119 quales
350 2072 388 2106 in
414 2071 502 2113 vita,
526 2082 597 2105 non
621 2071 659 2105 in
693 2069 969 2117 philosophorum
1003 2071 1118 2107 schola
1142 2072 1376 2108 inveniuntur.

251 2245 291 2278 (l)
314 2244 343 2271 Si
364 2244 477 2278 quidem
498 2252 531 2271 ea
555 2247 629 2271 recte
645 2251 675 2270 se
695 2244 811 2276 habent,
832 2252 903 2278 quae
923 2244 958 2270 ad
981 2245 1056 2271 hunc
1079 2244 1169 2271 locum
1197 2245 1235 2279 (p¹
1252 2247 1320 2271 1039
1330 2245 1379 2278 Β.)

210 2298 372 2330 corruptum
394 2295 533 2329 supplevit
549 2294 793 2329 Wyttenbachius.

250 2347 289 2380 (2)
310 2346 380 2373 Vid.
398 2354 468 2380 quae
488 2354 572 2381 supra
594 2346 717 2373 diximus
742 2356 770 2381 p.
792 2349 827 2373 34
849 2355 889 2380 sq.

251 2398 289 2430 (3)
310 2397 353 2423 Dc
376 2397 428 2423 hoc
452 2397 553 2430 placito
573 2397 630 2423 vid.
653 2396 741 2431 Lipsii
758 2396 924 2424 Manuduct.
951 2397 993 2423 ΙΙΙ
1020 2408 1024 2422 z
1052 2401 1094 2423 16.
