1524 2932
751 212 795 245 89

185 318 332 368 σταμένῳ
358 322 417 369 ζῇν
444 318 600 356 λυσιτελεῖ
615 320 759 368 μὴζῇν,
783 322 881 365 putat
906 319 1110 355 Plutarchus
1131 322 1193 368 (l).
1233 320 1342 368 Chry-

185 395 302 441 sippus
325 407 442 443 nempe
458 395 539 432 haec
564 398 682 430 contra
707 394 884 430 Platonem
906 395 1062 431 attulisse
1080 396 1207 431 fertur:
1224 396 1344 432 nI-Iaec

184 471 291 507 oratio
315 475 349 508 et
372 484 485 508 seeum
502 474 575 520 ipsa
594 474 739 520 pugnat,
770 473 804 506 et
827 470 967 506 minime
987 457 1133 518 pertinet
1158 472 1200 507 ad
1224 472 1344 509 exhor-

184 549 355 585 tationem.
405 550 558 585 Primum
582 549 688 591 enim,
708 548 807 594 quasi
828 547 937 583 obiter
962 547 1158 590 ostendens,
1180 549 1345 595 optimum

184 625 282 662 nobis
315 639 386 663 esse
413 639 484 662 non
517 626 644 668 vivere,
680 628 714 661 et
751 624 998 671 quodammodo
1030 625 1116 660 mori
1137 624 1277 672 jubens,
1304 625 1346 660 ad

184 701 250 738 alia
272 704 411 749 quaevis
436 714 498 737 nos
517 703 624 750 magis
650 701 814 737 excitabit
839 713 940 748 quam
961 701 1003 736 ad
1024 701 1342 748 philosophandum.

184 779 274 815 Nam
298 792 407 826 neque
429 779 659 826 philosophari
685 781 796 826 potest
820 781 881 826 qui
911 792 981 817 non
1003 781 1106 823 vivit3
1132 793 1241 827 neque
1264 794 1346 829 pru-

185 855 266 891 dens
292 856 350 891 fiet
375 867 525 902 unquam
551 856 611 901 qui
636 867 707 890 non
732 854 878 890 multum
899 856 1059 902 temporis
1081 855 1167 890 male
1187 859 1221 891 et
1241 858 1347 904 impe-

182 934 248 969 rite
280 933 428 969 vivendo
461 932 692 980 transegerit.’'
743 931 866 974 Porro,
902 930 1022 966 nmalis
1056 932 1157 967 etiam
1191 932 1348 979 expedire

183 1013 310 1053 censet,
336 1012 376 1045 ut
400 1010 438 1045 in
463 1009 535 1045 vita
564 1010 736 1052 maneant3
768 1009 880 1044 virtus
906 1009 995 1045 enim
1020 1008 1113 1044 nuda
1141 1008 1230 1044 nihil
1263 1010 1347 1045 facit

183 1087 226 1122 ad
250 1087 302 1129 id,
335 1090 376 1122 ut
401 1087 570 1129 vivamus3
605 1089 640 1121 at
665 1087 834 1121 vitiositas
868 1098 970 1132 aeque
994 1086 1083 1121 nihil
1112 1099 1150 1122 eo
1175 1088 1272 1130 facit,
1306 1091 1346 1122 ut

185 1162 354 1200 discedere
380 1162 556 1199 debeamus
578 1174 596 1198 e
619 1163 720 1198 vita.''

229 1240 325 1276 Hoc·
352 1240 427 1275 loco
474 1240 515 1275 de
555 1241 676 1287 pravis
726 1238 922 1275 hominibus
972 1252 1069 1289 agere
1118 1240 1346 1288 Chrysippum

146 1311 150 1313 ,
180 1325 257 1370 quis
289 1336 360 1358 non
393 1322 510 1359 videt?
575 1322 750 1358 Postrema
783 1321 871 1356 illa:
911 1322 1096 1357 nvirtutem
1129 1322 1255 1357 nudam
1276 1319 1347 1370 (τὴν

179 1406 295 1455 ἀρετὴν
323 1401 439 1454 ψιλῶς)
464 1404 554 1440 nihil
581 1405 690 1440 facere
715 1405 758 1440 ad
779 1404 979 1448 vivendum,
1004 1417 1112 1452 neque
1124 1406 1347 1441 vitiositatem

180 1482 223 1518 ad
253 1481 493 1517 discedendum
523 1494 542 1516 e
575 1482 666 1517 vita''
689 1481 755 1516 hoc
779 1482 973 1529 significare
993 1481 1153 1517 videntur
1172 1496 1178 1517 :
1204 1494 1275 1517 non
1300 1483 1348 1518 ita

179 1571 249 1595 rem
270 1570 306 1594 se
328 1557 463 1600 habere,
488 1568 596 1603 neque
620 1559 660 1592 ut
678 1557 823 1592 vitiosus
840 1557 986 1603 quisque
1004 1559 1146 1592 mortem
1167 1557 1233 1592 sibi
1247 1569 1346 1592 cons-

180 1637 304 1671 ciscere
325 1634 457 1677 debeat,
481 1646 590 1680 neque
604 1637 644 1669 ut
655 1633 781 1681 probus
794 1615 939 1680 quisque
951 1635 988 1669 in
1001 1635 1074 1670 vita
1085 1647 1219 1670 manere
1232 1649 1238 1670 :
1252 1636 1345 1682 quod

179 1724 259 1749 sane
280 1711 473 1747 Stoicorum
490 1710 627 1758 placitis
651 1709 715 1746 hac
737 1709 778 1746 de
801 1722 838 1746 re
857 1709 957 1758 plane
979 1713 1067 1747 esset
1093 1712 1297 1759 oppositum.

226 1787 432 1824 Plutarchus
453 1788 561 1836 igitm·
581 1787 646 1822 hoc
669 1786 746 1822 loco
769 1788 884 1822 minus
904 1790 995 1823 recte
1010 1788 1182 1835 judicasse
1206 1802 1345 1825 censen—

180 1865 243 1901 dus
265 1867 332 1908 est,
357 1877 463 1911 quum
483 1876 554 1899 non
576 1863 783 1911 distinguat,
811 1862 954 1899 alterum
979 1876 998 1899 a
1018 1863 1209 1913 Chrysippo
1232 1865 1273 1901 de
1294 1879 1347 1902 sa-

179 1942 308 1989 piente,
334 1940 476 1977 alterum
497 1946 584 1976 vero'
599 1939 639 1975 de
656 1939 793 1976 homine
814 1952 917 1988 pravo
942 1942 1063 1985 statui.-

224 2095 353 2136 Locus,
390 2095 450 2140 qui
487 2094 586 2130 nobis
620 2094 818 2130 tractandus
851 2098 970 2137 restat,
995 2094 1121 2142 legitur
1150 2095 1239 2142 apud
1262 2096 1343 2131 Plu-

178 2170 331 2206 tarchum
356 2170 401 2205 1.1.
429 2183 458 2216 p.
484 2172 577 2205 1042
604 2171 734 2205 A——Ez

214 2305 253 2337 (l)
274 2303 317 2330 De
337 2302 422 2329 Stoic.
445 2302 577 2336 Repugn.
599 2311 627 2335 p.
653 2305 721 2328 1039
746 2302 780 2328 Ε.
802 2317 836 2321 -—
857 2302 981 2334 Locum,
1007 2303 1054 2328 ubi
1074 2303 1155 2329 Plato
1176 2304 1242 2330 haec
1259 2306 1343 2339 scrip-

175 2354 257 2385 serit,
279 2362 336 2381 non
359 2353 466 2380 inveni.
506 2352 637 2380 Fortasse
659 2351 833 2387 Chrysippus
855 2356 959 2387 spectat
979 2352 1013 2379 ad
1027 2351 1121 2379 locum
1141 2352 1172 2379 <le
1189 2352 1342 2388 Republica

178 2405 234 2438 111,
257 2413 285 2440 p.
301 2407 359 2437 407
380 2405 419 2432 A.
