1524 2932
729 210 750 242 9

158 313 322 359 opponat,
350 323 370 346 a
394 309 583 360 Chrysippo
603 311 727 360 partim
742 311 868 358 juvene
892 312 1015 358 partim
1044 323 1123 346 sene
1147 312 1318 359 conscrip-

154 388 226 429 tos,
246 397 290 420 an
314 397 398 432 quos
422 385 537 422 eodem
561 386 629 422 fere
652 388 801 433 tempore
820 386 938 421 aetatis
960 384 1087 421 chartis
1098 385 1317 421 mandaverit.

154 461 199 497 Id
231 460 323 496 haud
354 462 449 509 parvi
482 474 552 497 esse
584 463 762 504 momenti,
795 461 937 507 quisque
961 461 1142 509 intelligit3
1176 462 1205 496 si
1226 462 1316 497 enim

153 536 272 573 multis
293 536 334 573 de
354 538 453 574 rebus
474 537 541 573 alio
561 549 698 585 prorsus
718 536 819 573 modo
840 537 918 583 quis
931 537 1061 585 cogitat
1085 548 1202 580 senex,
1214 549 1314 583 quam

147 614 285 661 juvenis
310 615 526 662 cogitaverit,
550 614 645 649 laudi
668 626 739 649 non
764 614 1006 661 vituperationi
1031 613 1127 649 locus
1156 616 1216 649 est.

197 689 249 726 Ut
277 703 356 727 vero
385 690 568 737 Chrysippi
592 692 626 725 et
647 690 839 726 Stoicorum
862 690 1061 738 fragmentis
1094 702 1166 725 eam
1196 690 1311 725 affera-

147 780 223 803 mus
259 768 385 810 lueem,
417 752 503 814 quae
526 779 544 802 e
568 767 671 803 variis
694 767 900 802 testimoniis
929 769 964 801 et
989 765 1129 801 indiciis
1158 768 1309 801 veterum

148 845 223 892 capi
246 845 370 892 possit,
394 844 432 878 in
456 844 566 890 priore
592 843 838 878 dissertationis
862 845 957 889 parte
982 841 1170 876 doctrinam
1199 842 1307 888 ipsius

147 919 188 956 de
211 920 367 957 libertate
386 918 574 955 voluntatis
600 919 799 966 ceterisque,
823 929 909 965 quae
930 917 1095 960 diximus,
1120 917 1306 964 exposituri

146 1009 278 1039 sumus,
299 1008 367 1044 quo
391 996 481 1031 facto
506 996 544 1031 in
564 996 776 1031 recensendis
789 994 966 1031 Plutarchi
986 995 1305 1031 ratiocinationibus

143 1073 329 1121 poterimus
350 1085 421 1109 esse
440 1073 616 1110 breviores.

184 1528 310 1564 Fontes
330 1530 541 1576 praecipuos,
563 1541 581 1564 e
600 1529 725 1575 quibus
745 1529 934 1573 hausimus,
952 1529 1009 1565 hic
1020 1530 1294 1574 memorabimus3

135 1606 237 1641 ceteri
262 1606 332 1641 suis
357 1605 441 1641 locis
466 1605 719 1642 indicabuntur.

181 1681 235 1716 Ex
260 1681 410 1727 antiquis
435 1681 656 1728 scriptoribus
680 1682 873 1728 praesertim
897 1694 981 1717 usus
1002 1694 1096 1717 sum:

178 1835 330 1882 Dioqene
367 1837 522 1878 Laertio,
557 1837 634 1872 Lib.
665 1836 748 1872 VII.
785 1837 845 1872 ubi
876 1837 1021 1872 Zenonis
1046 1840 1080 1873 et
1104 1837 1286 1885 Chrysippi

130 1912 220 1947 vitae
243 1915 455 1955 enarrantur,
480 1916 513 1948 et
538 1913 634 1960 plura¹
660 1925 774 1949 eorum
798 1913 923 1961 placita
952 1918 1178 1962 exponuntur.

178 1989 330 2031 Stobaeo,
355 1989 413 2035 qui
435 1990 473 2023 in
493 1990 696 2036 Ecloyarum
717 1990 793 2026 Lib.
819 1991 867 2026 II.
892 1991 1030 2026 moralia
1055 1991 1201 2039 explicat
1226 2004 1286 2027 an-

127 2064 313 2111 tiquiorum
334 2065 526 2101 Stoicorum
550 2065 683 2112 placita.

179 2140 334 2176 Cicerone
366 2141 403 2176 in
433 2140 588 2188 operibus
612 2141 838 2190 philosophis,
863 2143 1019 2190 inprimis
1043 2143 1080 2178 in
1105 2143 1192 2179 libro
1214 2144 1283 2179 ΠΙ.

125 2217 167 2252 de
192 2217 336 2252 Finibus
360 2218 429 2252 bon.
455 2222 487 2252 et
516 2218 595 2253 mal.
621 2221 655 2254 et
677 2219 715 2254 in
739 2218 853 2255 libello
877 2220 919 2255 de
943 2221 1041 2256 Fato.

174 2294 265 2330 Aulo
294 2294 421 2337 Gellio,
447 2295 505 2342 qui
531 2295 637 2332 multa
662 2298 808 2333 servavit
833 2297 1015 2346 Chrysippi
1037 2299 1175 2346 placita,
1200 2313 1283 2346 quae

125 2369 166 2404 ad
195 2370 383 2407 libertatem
409 2371 593 2408 voluntatis
621 2374 799 2421 pertinent.
