1524 2932
400 685 1152 753 [NTROMJGTIO.

715 899 842 910 —·0·—

244 1054 435 1099 Antequam
466 1053 506 1088 de
538 1052 720 1100 Chrysippi
752 1052 906 1087 doctrina
940 1054 974 1087 et
1002 1051 1137 1099 placitis
1163 1051 1269 1098 deque
1297 1052 1355 1098 ju-

197 1128 303 1172 dicio,
328 1128 419 1175 quod
445 1128 486 1164 de
507 1129 550 1164 iis
571 1128 654 1164 tulit
674 1127 893 1171 Plutarchus,
919 1140 1071 1176 agamuS,
1096 1139 1202 1175 pauca
1221 1130 1291 1163 tam
1313 1126 1355 1162 de

195 1206 269 1252 ipso
298 1205 363 1241 hoo
383 1205 598 1253 philosopho,
618 1218 718 1251 quam
740 1205 781 1240 de
800 1205 945 1247 ratione,
969 1216 1035 1250 qua
1056 1203 1260 1239 Plutarchus
1281 1204 1353 1250 ejus

194 1281 363 1317 recensuit
392 1281 531 1329 placita,
556 1280 800 1329 praemonenda
828 1292 900 1316 esse
917 1279 1086 1317 videntur.

243 1358 453 1405 Chrysippus
478 1359 621 1406 patriam
645 1357 766 1394 habuit
787 1358 930 1394 Ciliciae
950 1358 1066 1394 urbem
1087 1359 1184 1394 Solos
1208 1360 1270 1406 (1).
1301 1359 1355 1406 De

196 1446 301 1478 anno,
325 1446 392 1481 quo
417 1435 604 1478 natussit,
625 1435 691 1471 viri
717 1434 810 1470 docti
822 1447 892 1471 non
905 1435 1139 1479 oonsentiunt3
1164 1434 1355 1471 referendus

195 1514 306 1547 autem
323 1511 460 1547 videtur
479 1512 551 1559 ejus
572 1524 681 1547 annus
699 1511 822 1547 natalis
844 1511 887 1547 ad
908 1511 1042 1559 Olymp.
1061 1511 1206 1547 CXXV.
1227 1513 1268 1559 (a.
1287 1512 1354 1547 fere

185 1601 224 1625 a.
245 1588 284 1624 C.
309 1601 343 1624 n.
369 1590 413 1625 27
418 1589 453 1636 6)
492 1589 555 1636 (2).
605 1588 739 1624 Patrem
770 1588 891 1624 habuit
919 1587 1139 1635 Apollonium
1171 1588 1353 1634 quendam,

195 1664 406 1707 Tarsensem,
430 1665 489 1711 qui
510 1667 625 1711 postea
642 1664 738 1699 Solos
755 1665 915 1712 migravit
937 1666 1000 1712 (3).
1050 1664 1104 1700 De
1120 1665 1265 1708 ratione,
1286 1677 1353 1711 qua

193 1740 372 1789 pueritiam
388 1741 589 1789 transegerit
598 1769 606 1784 ‚
621 1742 665 1776 ’ex
686 1741 902 1788 antiquorum
913 1741 1118 1776 testimoniis
1131 1740 1219 1776 nihil
1231 1742 1298 1776 fere
1310 1741 1353 1779 ad

193 1830 256 1853 nos
281 1818 442 1864 pervenit.
493 1818 663 1865 Diogenes
684 1818 842 1853 Laertius
865 1818 901 1853 11.
927 1818 1051 1861 tradit,
1077 1831 1152 1854 eum
1176 1821 1270 1866 prius
1295 1833 1354 1867 pa-

192 1895 314 1931 laestra
346 1908 381 1931 se
404 1896 607 1938 exercuisse,
632 1899 666 1930 et
687 1897 816 1942 postea,
842 1895 963 1930 amissa
987 1907 1022 1930 re
1046 1895 1218 1939 familiari,
1243 1895 1354 1943 philo-

194 1971 330 2019 sophiae
364 1983 496 2018 operam
536 1971 674 2006 dedisse.
737 1970 888 2007 Athenas
927 1971 1097 2018 profectus
1131 1972 1180 2006 ibi
1216 1972 1354 2007 civitate

234 2121 273 2155 (1)
293 2119 379 2154 Diog.
399 2118 496 2145 La'ert.
516 2117 580 2145 Lib.
601 2118 671 2145 VII.
691 2118 707 2152 ξ
728 2118 790 2145 179.
811 2117 979 2145 Plutarchus
998 2117 1032 2144 de
1051 2117 1146 2144 Exilio
1166 2126 1195 2152 p.
1221 2119 1274 2144 605
1299 2118 1335 2144 B.

232 2171 272 2206 (2)
292 2169 376 2198 Conf.
400 2169 520 2204 Bagam,
547 2167 753 2196 Commentatio
769 2168 804 2196 de
824 2167 999 2205 Chrysippo,
1031 2167 1061 2194 in
1082 2167 1243 2195 Annalibus
1262 2167 1353 2195 Acnd.

194 2222 305 2250 Levan.
328 2220 380 2248 A⁰.
403 2222 594 2248 1820—1821.
613 2228 642 2254 p.
664 2222 710 2246 33.

233 2273 274 2308 (3)
293 2271 409 2304 Strabo,
439 2270 503 2298 Lib.
534 2270 618 2297 XIV.
655 2269 726 2305 cap.
753 2269 792 2297 V.
817 2279 845 2305 p.
874 2272 927 2297 225
958 2269 1023 2305 (Ed.
1054 2270 1240 2305 Tauchnitii).
1281 2270 1356 2297 Hine

195 2332 400 2358 nonnunquam
428 2321 603 2358 Chrysippus
632 2321 781 2349 Tarsensis
813 2321 923 2348 dicitur.
951 2320 1035 2348 Conf.
1064 2320 1165 2348 Suidas
1186 2321 1214 2348 in
1240 2321 1355 2359 vocibus

194 2379 363 2418 Χρύσιππος
382 2383 408 2403 et
429 2379 540 2409 Ζήνων.

1239 2447 1249 2479 Ι
