1524 2932
753 257 797 289 28

191 360 366 410 α’λλήλαις,
389 362 424 398 οὐ
459 363 553 410 μόνον
579 364 625 411 τῷ
652 363 710 401 τὴν
741 363 819 411 μίαν
842 365 961 411 ἔχοντα
990 367 1097 407 πάσας
1110 368 1232 416 ἔχειν,
1268 367 1356 404 ἀλλὰ

191 443 245 479 καὶ
278 448 324 494 τῷ
343 444 396 481 τὸν
417 445 502 482 κατὰ
529 445 607 494 μίαν
631 444 732 481 ὁτιοῦν
754 445 938 496 ἐνεργοῦντα
962 446 1048 482 κατὰ
1078 449 1186 490 πάσας
1205 448 1352 500 ἐνεργεῖν·

188 523 251 563 οὔτ’
274 525 382 578 ἄνδρα
398 527 474 578 φησί
501 527 618 564 τέλειον
640 528 719 564 εἶναι
743 527 796 565 τὸν
815 528 860 577 μὴ
896 530 1003 569 πάσας
1028 529 1146 576 ἔχοντα
1181 529 1239 571 τὰς
1263 531 1348 581 ἀρε-

188 608 263 657 τὰς,
294 612 363 647 οὔτε
390 609 512 661 προῖξιν
539 610 679 659 τελείαν,
713 615 778 652 ἥτις
805 609 840 647 οὐ
860 611 945 647 κατὰ
974 613 1082 653 πάσας
1107 613 1281 662 πράττεται
1296 614 1354 656 τὰς

186 691 316 742 ἀρετάς.
376 693 548 741 Diogenes
580 693 739 729 Laertius
767 693 819 740 (1)
857 706 863 728 ε
898 692 956 735 τὰς
989 691 1027 729 δὲ
1063 694 1179 744 ἀρετὰς
1208 693 1354 744 λέγουσιν

184 772 426 810 ἀντακολουθεῖν
462 773 635 816 ἀλλήλαις,
678 773 732 809 καὶ
772 773 824 810 τὸν
852 774 930 822 μίαν
959 776 1077 823 ἔχοντα
1111 777 1218 817 παίσας
1246 778 1346 824 ἔχειν·

184 855 263 890 εἶναι
289 855 357 904 γὰρ
384 854 488 892 αὐτῶν
517 856 559 891 τοὶ
589 855 779 904 θεωρήματα
807 855 914 897 κοινὰ,
949 855 1095 906 καθάπερ
1113 856 1303 906 Χρύσιππος
1319 856 1352 892 ἐν

184 940 230 985 τῷ
260 938 379 986 πρώτῳ
406 936 478 987 περιΙ
506 938 628 987 ἀρετῶν
657 936 764 987 φησὶν.
822 939 917 974 Hinc
935 938 1117 975 verisimile
1130 939 1184 982 fit,
1209 937 1350 985 eChry-

185 1013 282 1060 sippo
313 1013 414 1048 etiam
447 1025 485 1048 ea
514 1025 585 1048 esse
610 1012 728 1058 ducta,
754 1027 839 1064 quae
864 1014 905 1050 de
929 1013 1079 1062 ejusdem
1104 1017 1213 1050 sectae
1237 1013 1349 1062 philo-

186 1097 301 1144 sophis
325 1097 427 1131 refert
440 1097 604 1132 Stobaeus
625 1097 700 1144 (2):
726 1099 833 1137 πάσας
862 1095 901 1132 δὲ
928 1097 985 1137 τὰς
1013 1096 1146 1145 ἀρετὰς,
1173 1098 1244 1132 ὅσαι
1271 1095 1349 1132 ἐπι-

186 1181 306 1227 στήμαι
336 1176 396 1214 εἰσὶ
424 1176 478 1212 καὶ
508 1178 639 1225 τέχναι,
672 1181 763 1214 κοινά
793 1192 826 1215 τε
853 1178 1043 1227 θεωρήματα
1059 1179 1160 1225 ἔχειν,
1182 1175 1235 1213 καὶ
1247 1177 1348 1219 τέλος,

183 1259 226 1300 ὡς
255 1258 395 1308 εἴρηται,
424 1258 458 1294 τὸ
487 1257 581 1305 αὐτὸ,
611 1256 664 1294 διὸ
692 1258 747 1294 καὶ
775 1258 976 1308 ἀχωρίστους
1004 1257 1096 1294 εἶναι·
1119 1257 1171 1294 τὸν
1188 1259 1255 1308 γὰρ
1271 1258 1348 1306 μίαν

184 1342 303 1388 ἔχοντα
330 1341 437 1380 ποίσας
466 1341 572 1387 ἔχειν,
600 1339 654 1375 καὶ
685 1339 736 1375 τὸν
764 1341 849 1376 κατὰ
877 1340 954 1387 μίαν
978 1343 1159 1390 πράττοντα
1173 1340 1258 1376 κατὰ
1274 1344 1348 1377 πᾶ-

180 1437 238 1464 σας
269 1424 434 1472 πράττειν.

229 1513 267 1548 Si
305 1512 493 1560 quaeritur,
527 1524 612 1560 quae
646 1512 697 1547 vis
727 1511 808 1546 huic
837 1512 1005 1559 paradoxo
1029 1512 1209 1548 tribuenda
1237 1513 1284 1547 sit
1307 1513 1345 1548 in

178 1589 356 1624 hominum
390 1588 566 1630 societate,
600 1586 681 1622 inde
705 1590 861 1634 appareat
885 1599 1020 1622 necesse
1048 1589 1114 1630 est,
1139 1589 1345 1635 quantopere

179 1666 292 1701 virtus
316 1664 413 1700 vitiis
438 1663 485 1699 sit
509 1662 738 1711 praeferenda,
763 1675 869 1712 quum
892 1662 974 1704 haec
993 1675 1065 1698 non
1082 1662 1192 1699 solum
1204 1663 1344 1706 virtuti,

180 1741 238 1777 sed
263 1741 364 1776 etiam
376 1740 467 1776 inter
480 1751 515 1775 se
527 1739 664 1787 singula
676 1739 823 1788 singulis
837 1739 904 1775 sibi
917 1740 988 1775 sint
1000 1739 1170 1787 opposita,
1197 1739 1251 1787 (ut
1264 1751 1342 1775 ava-

178 1817 259 1853 ritia
279 1819 313 1852 et
336 1815 566 1864 prodigentia,
587 1816 757 1851 temeritas
776 1818 810 1851 et
822 1815 975 1863 ignavia,
999 1814 1103 1862 rell.);
1128 1815 1238 1850 virtus
1248 1827 1342 1858 vero,

177 1906 247 1929 una
258 1893 319 1928 illa
331 1892 634 1940 atqueindividua,
660 1904 787 1939 semper
812 1892 878 1928 sibi
903 1892 1108 1935 consentiat,
1134 1894 1234 1940 atque
1258 1890 1340 1927 adeo

177 1970 249 2006 sola
274 1971 352 2016 apta
376 1969 422 2003 sit
447 1970 480 2003 et
503 1968 622 2015 digna,
648 1968 690 2003 ad
714 1980 815 2016 quam
835 1968 1096 2004 nanciscendam
1113 1967 1213 2003 homo
1226 1980 1340 2003 omnes

177 2046 283 2082 animi
309 2045 525 2093 corporisque
546 2044 635 2080 vires
656 2043 823 2080 intendat.
873 2044 910 2080 Si
933 2056 1049 2081 verum
1061 2045 1112 2080 est
1125 2042 1216 2093 quod
1229 2042 1337 2079 Stoici

176 2128 407 2171 contendunt,
432 2127 576 2163 virtutes
602 2127 659 2167 τὰς
683 2126 781 2168 αὐτὰς
808 2127 886 2162 εἶναι
917 2130 962 2175 τῷ
980 2128 1157 2176 ἡγεμονικῷ
1174 2126 1261 2175 μέρει
1284 2130 1341 2166 τῆς,

213 2402 251 2436 (1)
271 2400 336 2427 Lib.
356 2399 426 2427 vn.
447 2401 461 2435 ς
484 2403 544 2428 125.

214 2453 252 2486 (2)
273 2452 331 2479 L.l.
353 2460 380 2487 p.
405 2455 456 2478 110
477 2457 503 2479 et
526 2456 586 2479 114,
