1524 2932
529 458 1040 518 CONSPEGTUS.

222 896 225 898 .
1322 880 1371 903 1’23.

236 917 453 945 Inmonucno.
487 936 1296 944 ...........................
1339 919 1350 943 l
1357 936 1365 943 .

197 966 301 995 PARS
319 966 452 995 PRIOR.
492 967 537 995 De
558 968 703 996 nonnullis
725 967 877 1003 Chrysippi
899 967 1009 1003 placitis
1032 968 1173 996 universe.

234 1030 337 1058 Cum
355 1038 487 1058 immun.
527 1031 572 1058 De
595 1031 723 1058 libertate
747 1031 900 1059 voluntatis
905 1050 1294 1059 ..............
1318 1034 1362 1058 11.

235 1095 339 1123 Ouum·
357 1104 527 1124 snommuu.
567 1096 611 1123 De
642 1096 756 1123 virtutis
784 1100 886 1123 natura
919 1100 947 1123 et
973 1096 1007 1124 de
1033 1096 1156 1128 ratione,
1186 1104 1241 1131 qua
1271 1096 1301 1122 in

361 1149 365 1152 ’
566 1160 626 1187 vita
651 1160 776 1188 hominis
798 1168 828 1187 se
848 1160 954 1195 aperiat
958 1179 1298 1187 ............
1319 1162 1365 1186 20.

236 1223 339 1252 Cum
357 1232 501 1252 mmmm.
541 1225 585 1253 De
604 1225 735 1253 felicitate
753 1224 869 1260 ejusque
888 1233 952 1252 cum
971 1225 1074 1252 virtute
1092 1224 1301 1260 conjunctione.
1322 1227 1368 1252 38.

198 1287 302 1316 PARS
320 1287 496 1316 ALTERA.
537 1289 581 1316 De
600 1288 763 1321 nonnullis,
789 1289 819 1315 in
838 1288 939 1323 quibus
964 1297 980 1315 e
995 1288 1141 1315 Plutarchi
1164 1288 1304 1316 sententia

540 1351 692 1388 Chrysippi
713 1352 817 1388 placita
839 1352 893 1380 sibi
918 1361 976 1380 non
999 1352 1182 1381 conveniunt.

236 1416 340 1445 Ouum
359 1425 492 1445 mmmm.
532 1417 576 1444 De
594 1417 722 1445 libertate
740 1417 894 1444 voluntatis
898 1436 1298 1444 ..............
1322 1419 1365 1443 51.

271 1484 286 1517 §
314 1483 339 1510 Ι.
380 1481 572 1519 Chrysippus,
593 1486 695 1518 negata
714 1482 836 1511 hominis
854 1482 998 1516 libertate,
1018 1482 1085 1510 deos
1107 1490 1231 1518 ponens,
1251 1490 1299 1510 eos

385 1548 513 1575 omnium
537 1547 677 1576 malornm
696 1556 759 1575 reos
777 1556 835 1576 non
855 1548 922 1575 satis
941 1548 1032 1583 potuit
1053 1546 1210 1575 defendere.
1230 1568 1235 1573 .
1261 1568 1267 1573 .
1291 1568 1297 1573 .
1321 1549 1365 1573 52.

271 1620 287 1653 5
299 1619 341 1647 11.
380 1619 520 1648 Assumto
538 1620 588 1648 illo
613 1615 703 1657 μηδὲν
727 1616 875 1653 ἀναιτίως,
896 1619 1023 1655 pluribus
1043 1623 1138 1648 tamen
1158 1619 1228 1648 locis
1247 1616 1299 1649 τὴν

381 1688 474 1729 τυχὴν
494 1694 522 1719 et
542 1691 699 1719 libertatem
721 1690 875 1719 voluntatis
897 1691 973 1718 haud
995 1692 1108 1727 negavit
1111 1711 1296 1718 .......
1318 1694 1364 1719 60.

236 1755 338 1784 Cum·
356 1762 526 1784 sncmmun.
566 1755 610 1783 De
641 1755 754 1783 virtutis
782 1758 883 1783 natura
911 1759 939 1783 et
967 1755 1001 1784 de
1031 1755 1156 1789 ratione,
1183 1764 1238 1791 qna
1269 1756 1299 1783 in

568 1820 627 1847 vita
645 1820 769 1848 hominis
791 1828 821 1848 se
843 1820 991 1856 aperiat..
1014 1840 1022 1848 .
1046 1841 1052 1847 .
1076 1841 1083 1847 .
1108 1840 1114 1846 .
1138 1841 1144 1847 .
1169 1840 1175 1846 .
1199 1840 1205 1846 .
1229 1840 1236 1847 .
1260 1840 1266 1846 .
1319 1824 1364 1848 65.

234 1885 338 1914 Cum·
356 1892 500 1912 mmmm.
541 1885 585 1912 De
603 1885 734 1914 felicitate
753 1884 868 1921 ejusque
886 1893 951 1914 cum
970 1886 1073 1913 virtute
1088 1885 1295 1921 conjunctione.
1319 1887 1363 1914 77.

235 1951 333 1979 INDEX
352 1958 496 1980 Locolum
516 1958 737 1979 'nucumnuu
742 1970 1296 1978 ...................
1318 1954 1352 1978 92
1357 1972 1363 1977 .
