1524 2932
732 236 774 269 15

175 337 217 372 ad
241 337 304 372 fati
328 338 575 382 necessitatem,
608 342 779 387 tamquam
802 339 840 373 in
865 337 1003 387 aliquod
1029 339 1100 374 fani
1125 339 1270 386 asylum3
1296 344 1330 376 ct

174 426 259 462 quae
282 415 425 461 pessima
447 416 599 451 fecerunt
622 428 693 450 non
727 427 807 449 suae
830 415 1028 458 temeritati,
1053 415 1112 450 sed
1136 416 1206 451 fato
1231 417 1329 451 attri—

175 489 309 526 buenda
332 503 402 527 esse
426 491 557 527 dicunt.
605 490 661 526 Ex
693 489 786 526 hisce
814 489 1004 525 luculenter
1036 493 1149 537 patere
1177 491 1331 534 videtur,

174 565 401 615 Chrysippum
434 568 594 604 statuisse
628 566 818 602 libertatem
855 565 1042 603 voluntatis
1080 579 1100 602 a
1131 568 1330 604 necessitate

175 647 313 679 externa
335 646 506 680 remotam.

222 722 250 756 b.
299 721 427 758 Utrum
447 723 558 756 autem
578 719 726 756 hominis
747 719 917 757 voluntati
938 720 1127 757 libertatem
1147 733 1166 757 a
1187 723 1332 757 necessi-

174 800 245 833 tate
264 799 399 834 interna
420 798 604 832 immunem
625 797 827 832 concesserit
850 810 972 840 necne,
992 798 1063 843 jam
1084 798 1333 843 inquirendum.

223 874 270 910 Et
290 874 437 921 primum
457 872 593 919 quidem
613 884 655 908 ex
675 873 734 915 iis,
755 884 841 918 quae
857 872 957 908 nobis
978 873 1126 908 servavit
1143 872 1275 908 Gellius
1288 874 1334 908 l.l.

176 950 359 998 Chrysippi
382 948 518 996 placitis
543 949 638 995 sequi
666 948 818 992 videtur,
841 961 918 985 eum
941 949 1215 985 indeclinabilem
1243 950 1336 986 illam

176 1026 295 1062 seriem
317 1037 429 1061 rerum
453 1027 487 1060 et
512 1027 680 1068 catenam,
704 1037 804 1073 quam
828 1025 936 1061 fatum
957 1038 1028 1061 esse
1049 1025 1154 1068 dixit,
1179 1027 1280 1061 etiam
1293 1027 1335 1061 ad

178 1102 327 1138 hominis
359 1101 570 1138 voluntatem
594 1101 765 1145 retulisse3
798 1102 904 1150 quid?
942 1103 1034 1151 quod
1058 1103 1201 1138 totidem
1225 1103 1337 1151 verbis

176 1178 370 1214 enuntiavit
395 1191 402 1213 :
430 1178 591 1226 ningenia
610 1178 684 1225 ipsa
706 1178 871 1213 mentium
894 1180 1086 1214 nostrarum
1106 1178 1245 1226 perinde
1268 1179 1339 1214 fato

177 1267 248 1290 esse
279 1254 426 1291 obnoxia
459 1255 645 1290 secundum
669 1267 785 1290 eorum
808 1256 1044 1302 proprietatem
1069 1259 1103 1291 et
1127 1255 1340 1304 qualitatem,

178 1337 213 1368 et
246 1331 370 1368 delicta
401 1331 593 1375 hominum,
626 1332 691 1367 etsi
723 1330 916 1368 voluntario
950 1332 1035 1368 fiant
1059 1332 1204 1380 impetu,
1227 1335 1339 1369 tamen

178 1409 266 1444 effici
295 1421 315 1444 a
339 1409 578 1456 consequentia
598 1420 709 1443 rerum
729 1407 789 1443 illa
809 1407 957 1444 naturali
978 1411 1013 1444 et
1032 1409 1232 1451 necessaria,
1253 1421 1339 1457 quae

180 1486 288 1521 fatum
312 1488 483 1522 vocatur.''

228 1562 334 1598 Porro
367 1562 535 1598 internam
559 1560 747 1597 voluntatis
767 1561 1000 1597 necessitatem
1025 1561 1253 1609 Chrysippum
1279 1562 1338 1597 do-

181 1637 292 1673 cuisse
326 1639 419 1685 patet
455 1649 497 1672 ex
529 1636 673 1679 ratione,
698 1638 798 1672 acuta
820 1649 914 1680 sane,
939 1649 1006 1685 qua
1035 1649 1091 1672 eos
1114 1636 1253 1681 refellit,
1278 1638 1337 1687 qui

182 1727 314 1750 omnem
346 1726 365 1748 e
393 1714 465 1749 vita
498 1714 664 1749 actionem
700 1712 881 1756 tollebant,
918 1713 1135 1749 conclusione
1167 1715 1234 1749 ista
1267 1716 1338 1757 usi,

182 1807 268 1844 quae
301 1795 390 1843 apud
426 1797 552 1831 veteres
588 1795 691 1845 ἀργοῦ
716 1793 809 1844 λόγου
833 1794 971 1830 nomine
996 1794 1201 1843 designatur.
1251 1794 1342 1830 Con-

181 1872 366 1908 tendebant
402 1871 534 1907 scilicet
566 1871 726 1907 nonnulli
765 1885 772 1906 :
812 1871 874 1906 nSi
907 1883 949 1906 ex
986 1872 1184 1906 aeternitate
1222 1883 1339 1907 verum

183 1949 248 1984 hoc
282 1949 364 1992 fuit,
400 1948 455 1984 Ex
484 1948 552 1983 isto
576 1947 692 1983 morbo
714 1947 940 1991 convalesces;
966 1948 1038 1984 sive
1058 1947 1251 1983 adhibueris
1275 1960 1343 1983 me-

185 2028 299 2063 dicum
325 2027 395 2063 sive
417 2039 488 2061 non
508 2025 721 2069 adhibueris,
745 2024 965 2061 convalesces.
1014 2025 1103 2060 Item
1128 2038 1135 2059 :
1162 2025 1191 2059 si
1218 2037 1259 2059 ex
1290 2037 1342 2059 ae-

184 2103 343 2140 ternitate
367 2101 431 2138 hoc
456 2102 578 2138 falsum
603 2102 686 2145 fuit,
710 2101 765 2137 Ex
788 2102 856 2137 isto
873 2089 997 2137 *morbo
1020 2100 1246 2144 convalesces3
1274 2100 1344 2136 sive

186 2180 378 2216 adhibueris
402 2179 570 2215 medicum
596 2179 667 2214 sive
689 2191 759 2214 non
782 2178 991 2221 adhibueris,
1014 2191 1084 2213 non
1103 2177 1344 2213 convalesces.''

185 2257 301 2304 Hujus
325 2255 404 2291 mali
426 2254 587 2290 medelam
612 2256 727 2289 afferre
746 2267 816 2289 non
842 2257 988 2301 poterat,
1020 2254 1089 2288 nisi
1115 2256 1173 2288 aut
1199 2254 1268 2289 vim
1281 2254 1342 2288 fati

185 2334 223 2369 in
256 2333 354 2369 rebus
387 2332 544 2368 humanis
573 2343 709 2378 prorsus
735 2330 892 2373 delendo,
925 2333 984 2366 aut
1006 2329 1220 2365 concedendo
1244 2330 1345 2365 etiam

185 2410 359 2445 hominum
384 2410 473 2445 facta
495 2409 603 2444 afflato
622 2420 758 2455 prorsus
780 2408 930 2455 pendere.
968 2408 1124 2443 Poterius
1141 2420 1216 2442 eum
1229 2407 1347 2442 fecisse
