1524 2932
745 190 789 223 78

180 292 276 325 affert
322 290 467 337 plurima
504 290 687 337 Chrysippi
727 292 924 333 enunciata,
961 304 1046 338 quae
1084 294 1253 340 quomodo
1290 297 1350 330 aut

180 381 258 403 cum
292 368 419 415 placito
452 367 552 403 modo
585 367 724 404 laudato
759 371 817 404 aut
848 380 925 403 cuin
963 370 1122 405 universa
1158 372 1351 408 Stoicorum

181 445 338 480 doctrina
376 445 577 487 concinant,
613 456 677 480 nec
714 445 786 492 ipse
823 444 932 480 video.
994 444 1183 482 Contendit
1219 447 1351 484 scilicet

179 525 393 574 Chrysippus
420 540 426 562 :
452 529 545 575 τάχα
576 527 643 577 γὰρ
671 525 794 575 ἀγαθοῦ
820 525 915 567 αὐτῆς
947 521 1016 572 (τῆς
1044 522 1181 573 ἡδονῆς)
1210 528 1351 565 ἀπολει-

178 608 333 656 πομένης,
363 608 470 649 τέλους
497 606 535 643 δὲ
565 612 629 656 μή,
660 611 724 643 τῶν
752 606 790 643 δὲ
819 604 864 642 δι’
896 607 1003 643 αὑτῶν
1031 608 1168 657 αἱρετῶν
1195 609 1280 650 ὄντος
1295 609 1350 645 καὶ

178 693 232 726 τοῦ
259 689 375 737 καλοῦ,
405 690 563 738 σώζοιμεν
591 688 633 724 ἂν
661 689 718 728 τὴν
747 686 971 736 δικαιοσύνην,
1000 690 1110 738 μεῖζον
1126 688 1247 738 ἀγαθὸν
1260 690 1352 727 ἀπο-

177 770 319 811 λιπόντες
346 770 381 806 τὸ
410 770 507 805 καλὸν
535 769 589 805 καὶ
619 769 653 806 τὸ
680 768 806 806 δίκαιον
835 774 890 811 τῆς
919 768 1047 811 ἡδονῆς.
1077 771 1129 818 (1)

228 848 324 883 Huic
348 847 493 895 placito,
520 848 549 882 si
572 847 615 882 ad
637 848 830 883 Stoicorum
851 848 1017 883 rationem
1038 848 1210 895 exigatur,
1235 846 1349 882 obstat

178 925 342 970 primum,
375 924 468 970 quod
496 924 546 959 ita
575 924 742 971 sejunctio
767 924 808 959 fit
832 925 922 959 inter
956 925 1072 959 bonum
1092 926 1126 959 et
1152 925 1268 971 finem.
1318 923 1349 958 E

179 1001 373 1036 Stoicorum
407 1001 497 1036 enim
533 1000 689 1036 doctrina
723 1003 858 1047 apparet
891 1000 1052 1036 ambobus
1077 999 1252 1036 vocabulis
1277 999 1348 1035 illis

178 1089 286 1111 unum
311 1076 467 1122 idemque
492 1076 696 1123 significari3
723 1075 811 1110 illud
835 1079 971 1112 tantum
993 1077 1110 1111 bonum
1132 1088 1217 1119 esse,
1255 1075 1348 1122 quod

178 1153 225 1187 sit
246 1152 442 1194 honestum,
467 1151 556 1186 illud
576 1154 711 1186 tantum
729 1151 926 1194 honestum,
951 1152 1043 1198 quod
1073 1164 1151 1187 cum
1176 1152 1349 1187 communi

178 1230 303 1263 natura
335 1228 533 1271 conveniat,
572 1227 728 1274 idemque
753 1239 824 1263 esse
848 1227 1061 1270 felicitatem,
1086 1239 1171 1274 quae
1203 1227 1275 1263 sola
1305 1229 1350 1275 fi-

178 1306 233 1340 nia
267 1305 422 1341 habenda
458 1306 505 1340 sit
545 1305 637 1352 (vide
674 1317 774 1352 supra
806 1318 881 1353 pag.
916 1307 961 1341 39
989 1306 1064 1352 sq.).
1115 1305 1154 1340 Si
1179 1305 1265 1352 quid
1295 1317 1347 1341 re-

178 1381 259 1416 ferri
289 1393 360 1416 non
394 1382 520 1428 poterit
545 1381 588 1416 ad
615 1383 742 1429 finem,
766 1394 837 1416 non
862 1382 927 1417 erit
956 1383 1089 1425 bonum,
1114 1382 1172 1417 sed
1195 1384 1254 1418 aut
1277 1395 1351 1418 ma-

180 1463 250 1498 bum
282 1465 341 1498 aut
368 1463 588 1510 indzjfferenae
623 1463 652 1497 si
674 1463 890 1510 indqfferens,
915 1463 1041 1509 poterit
1069 1463 1207 1508 quidem
1240 1463 1283 1498 ad
1308 1464 1350 1499 τὰ

177 1543 363 1594 προηγμένα
387 1544 570 1591 pertinere,
596 1542 654 1579 sed
679 1542 800 1578 horum
824 1542 914 1578 nihil
927 1543 1054 1579 bonum
1068 1543 1138 1579 dici
1152 1546 1264 1591 potest
1280 1544 1343 1592 (2).

177 1622 270 1656 Dein
300 1633 400 1667 quam
429 1621 574 1656 maxime
594 1620 788 1655 Stoicorum
811 1620 987 1655 doctrinae
1006 1632 1210 1667 repugnare,
1234 1620 1347 1666 quod,

177 1697 352 1745 voluptate
381 1697 419 1732 in
445 1696 545 1733 bonis
567 1696 679 1744 posita
693 1724 701 1739 ‚
724 1697 847 1733 virtuti
869 1697 916 1732 sit
939 1696 1052 1739 locus,
1077 1697 1146 1732 imo
1166 1696 1350 1733 incolumis

178 1901 236 1920 non
265 1893 410 1920 honestate
435 1892 565 1924 metitur,
596 1892 642 1918 hic
670 1892 693 1918 si
725 1892 777 1918 sibi
805 1892 866 1927 ipse
885 1893 1056 1925 consentiat,
1077 1897 1105 1920 et
1123 1901 1182 1920 non
1205 1893 1347 1921 interdum

177 1947 295 1970 naturae
317 1942 440 1969 bonitate
459 1942 605 1973 vincatur,
632 1949 722 1976 neque
744 1942 898 1968 amicitiam
917 1942 1007 1969 colere
1031 1942 1120 1977 possit
1138 1950 1190 1970 nee
1208 1942 1347 1977 justitiam

176 2002 229 2022 nec
251 1993 458 2021 liberalitatem.
497 1992 591 2020 Fortis
609 2001 677 2020 vero
696 1993 822 2021 dolorem
842 2002 984 2021 summum
1007 1994 1114 2022 malum
1129 1994 1279 2030 judicans,
1298 2000 1348 2024 aut

176 2049 338 2081 temperans
357 2044 532 2080 voluptatem
551 2052 696 2071 summum
713 2044 820 2072 bonum
839 2048 981 2079 statuens,
1002 2054 1063 2074 esse
1083 2050 1156 2074 certe
1168 2047 1249 2075 nullo
1261 2048 1347 2076 modo

177 2095 299 2131 potest''.

215 2146 255 2182 (1)
276 2145 462 2180 Plutarchus,
482 2145 526 2172 1.1.
548 2154 576 2181 p.
600 2147 671 2172 1040
689 2145 729 2173 D.
769 2145 849 2181 Quae
868 2146 997 2183 deinceps
1018 2150 1172 2183 sequuntur
1191 2147 1346 2185 Chrysippi

177 2208 251 2235 dicta
269 2217 299 2243 p.
322 2209 392 2234 1040
412 2207 447 2234 F.
475 2206 573 2234 eodem
593 2206 650 2234 sere
668 2206 796 2234 redeunt.
818 2222 853 2227 —
873 2206 917 2234 De
936 2206 1099 2234 discrimine
1115 2207 1189 2235 inter
1199 2202 1236 2233 τὰ
1246 2201 1346 2243 αἱρετὰ

178 2262 227 2293 καὶ
249 2261 286 2292 τὰ
308 2261 425 2303 αἱρετέα
443 2266 519 2294 oonf.
539 2266 692 2301 Stobaeus‚
713 2266 757 2293 1.1.
778 2275 806 2303 p.
831 2269 893 2294 140.

215 2322 255 2357 (2)
276 2321 390 2350 Diserte
408 2322 438 2349 id
457 2329 553 2351 monet
572 2323 723 2357 Stobaeus,
743 2324 787 2351 1.1.
809 2333 837 2359 p.
862 2327 924 2352 156.
964 2321 1056 2353 Οὐδὲν
1085 2326 1141 2352 τῶν
1165 2323 1281 2363 ἀγαθῶν
1305 2319 1346 2353 εἷ-

178 2387 225 2405 ναι
249 2378 426 2416 προηγμένον
441 2398 448 2411 ,
475 2377 525 2407 διὰ
548 2377 580 2407 τὸ
603 2378 655 2409 τὴν
679 2380 818 2419 μεγίστην
842 2380 927 2415 ἀξίαν
950 2380 1024 2411 αὐτὰ
1048 2379 1136 2421 ἔχειν.
