1524 2932
768 194 812 225 66

200 315 364 361 θήκοντος,
390 313 449 349 sed
474 312 545 363 περὶ
563 316 617 349 τοῦ
640 311 892 362 κατορθώματος.
925 311 1022 351 Quid
1044 323 1122 347 vero
1139 309 1366 347 Plutarchus?

203 396 312 435 Quasi
337 395 372 432 τὸ
401 396 498 444 μέσον
521 406 592 430 11011
618 393 749 429 adesset
773 396 824 436 et,
850 393 1043 428 memoratis
1068 395 1114 441 τῷ
1142 393 1309 433 καθήκοντι
1335 395 1369 428 et

202 480 249 526 τῷ
277 477 514 528 κατορθώματι,
540 489 639 512 omne
650 475 790 512 tertium
803 477 890 510 esset
908 474 1100 517 exclusum,
1124 479 1244 523 rogat:
1269 476 1369 522 aquis

202 555 314 590 nescit
339 567 431 598 eum,
467 554 529 601 qui
558 556 648 589 recte
674 564 771 600 agere
795 554 955 599 nequeat,
980 564 1051 587 non
1076 563 1174 599 posse
1198 564 1269 587 non
1293 564 1370 599 pec-

207 631 326 666 care?''
376 631 426 666 Ni
456 630 621 672 fallimur,
655 629 856 676 Chryssippi
888 629 1019 664 dictum
1044 629 1094 664 ita
1123 631 1174 664 est
1196 629 1370 675 explican-

206 713 289 748 dum
315 726 321 748 :
348 713 440 755 Lex,
465 723 550 758 quae
563 710 708 758 sapienti
734 709 768 747 τὸ
785 709 976 760 κατόρθωμα
988 709 1288 758 praescribit,non
1298 722 1370 746 eam

202 794 305 829 habet
342 794 413 830 vim
444 794 483 828 in
508 792 560 829 τὸν
588 791 724 842 φαῦλον,
751 794 791 827 ut
824 791 882 827 hic
907 791 1097 842 κατόρθωμα
1129 793 1275 839 praestet
1300 804 1308 826 ε
1333 791 1371 826 id

205 872 297 906 enim
322 871 395 916 ejus
416 871 505 905 vires
527 872 662 917 superat
688 883 695 904 t
721 869 779 904 sed
800 869 865 904 hoc
890 872 1026 904 tantum
1048 868 1138 916 apud
1156 857 1231 903 eum
1245 869 1373 904 efficere

207 948 335 994 potest,
372 948 413 981 ut
447 959 467 981 a
495 949 635 994 peccato
673 946 886 993 aliquatenus
921 946 1101 982 deterritus
1127 945 1256 993 aliquid
1281 948 1367 994 agat,

206 1023 298 1069 quod
323 1025 462 1058 externo
496 1023 617 1058 habitu
648 1036 726 1058 cum
747 1024 910 1071 sapientis
936 1024 1059 1071 agendi
1092 1024 1223 1060 ratione
1248 1036 1371 1059 conve-

209 1099 294 1135 niat.
344 1098 395 1135 Ut
430 1098 621 1146 exemplum
655 1100 790 1135 afferam
816 1112 823 1134 :
848 1099 986 1135 reddere
1018 1100 1143 1147 poterit
1169 1099 1375 1147 depositum,

208 1193 280 1216 non
293 1192 372 1216 vero
383 1181 484 1226 juste
505 1180 637 1224 reddet3
660 1181 802 1227 ejusque
823 1181 951 1216 factum
973 1181 1038 1216 erit
1055 1193 1165 1227 neque
1193 1182 1373 1230 ἁμάρτημα

210 1274 321 1308 neque
344 1261 547 1311 κατόρθωμα,
574 1261 632 1297 sed
657 1262 765 1310 μέσον.
828 1261 1035 1309 Negandmn
1059 1263 1183 1310 igitur,
1207 1262 1272 1298 hoc
1297 1262 1374 1298 loco

211 1337 443 1385 Chrysippum
475 1337 606 1385 tllegem
635 1338 788 1384 posuisse
809 1337 875 1373 sibi
897 1337 1144 1381 adversantem,
1169 1351 1254 1385 quae
1277 1338 1376 1374 malis

211 1416 353 1462 imperet
379 1426 465 1461 quae
488 1416 657 1461 praestare
680 1427 751 1450 non
772 1414 921 1462 possint,
947 1414 1129 1451 interdicat
1150 1415 1276 1461 quibus
1299 1415 1375 1451 abs-

211 1493 321 1528 tinere
346 1504 417 1527 non
443 1491 609 1527 valeant.”

258 1573 378 1621 Pergit
413 1572 620 1609 Plutarchus
647 1587 654 1608 :
692 1573 708 1609 ὁ
736 1573 805 1622 γὰρ
835 1574 880 1621 μὴ
910 1571 1086 1621 δυνάμενος
1114 1574 1285 1623 σωφρονεῖν
1312 1576 1378 1609 ἅν-

211 1654 333 1703 θρωπος
372 1654 407 1689 οὐ
455 1652 590 1690 δύναται
621 1655 666 1702 μὴ
700 1652 960 1702 ἀκολασταίνειν,
995 1653 1050 1689 καὶ
1080 1655 1096 1690 ὁ
1130 1655 1175 1703 μὴ
1203 1653 1378 1704 δυνάμενος

210 1736 332 1785 φρονεῖν
361 1735 396 1771 οὐ
425 1733 561 1771 δύναται
591 1736 636 1784 μὴ
665 1736 844 1785 ἀφραίνειν.
896 1736 1107 1783 Reponimus
1130 1749 1136 1770 :
1162 1736 1179 1772 ὁ
1208 1737 1253 1785 μὴ
1269 1734 1376 1772 δυνά-

210 1831 301 1866 μενος
318 1819 488 1867 σωφρονεῖν
513 1830 626 1865 gerere
655 1830 690 1854 se
714 1821 826 1864 potest
850 1817 964 1853 eadem
993 1818 1124 1853 ratione
1149 1820 1250 1864 atque
1274 1817 1378 1854 ὁσώ-

211 1914 316 1951 φρων,
342 1900 424 1936 licet
449 1900 514 1936 hoc
546 1912 618 1935 non
648 1900 750 1936 faciat
784 1900 925 1936 virtutis
964 1912 1078 1943 causa,
1117 1900 1175 1936 sed
1209 1913 1235 1935 e.
1270 1913 1303 1949 g.
1337 1904 1376 1937 ut

212 1986 351 2030 propter
384 1994 478 2017 suam
503 1981 706 2032 σωφροσύνην
739 1981 911 2025 laudetur,
945 1982 1126 2028 eodemque
1154 1981 1254 2018 modo
1287 1982 1304 2018 ὁ
1332 1984 1378 2031 μὴ

212 2061 388 2112 δυνάμενος
415 2063 551 2113 φρονεῖν.
604 2062 708 2102 Quod
734 2062 812 2098 dein
846 2061 942 2098 addit
972 2062 1177 2098 Plutarchus
1203 2063 1379 2111 cujusdam

214 2141 324 2175 Stoici
350 2141 488 2175 effatum
512 2153 518 2174 :
547 2152 669 2174 asomne
692 2139 915 2174 interdictum
947 2140 1120 2174 continere
1144 2140 1378 2183 mandatum32'

213 2216 250 2252 id
276 2216 416 2252 nonnisi
450 2216 547 2252 lusus
574 2216 752 2252 verborum
785 2215 930 2252 videtur.
980 2215 1184 2251 Mandatum
1209 2216 1315 2257 enim,
1340 2218 1380 2251 ut

212 2293 262 2328 ita
294 2292 419 2336 dicam,
453 2305 582 2341 negans
615 2293 811 2335 interdicti,
841 2304 912 2328 non
945 2292 1096 2328 mandati
1121 2304 1244 2328 nomen
1268 2304 1380 2340 gerere

216 2368 322 2405 debet.
