1524 2932
771 248 816 279 46

207 352 310 386 tineri
337 354 471 395 queant.
521 348 814 388 Quemadmodum
835 349 944 396 igitur
964 352 1186 396 temperantia
1203 351 1297 386 sedat
1315 363 1372 397 ap-

208 427 407 474 petitiones,
441 428 475 461 et
496 425 601 461 efficit
621 428 662 461 ut
691 437 747 460 eae
770 427 880 460 rectae
903 424 1029 459 rationi
1058 428 1213 471 pareant,
1238 438 1372 462 conser-

207 505 332 548 vatque
353 502 565 537 considerata
585 501 718 548 judicia
738 500 863 536 mentis
885 514 892 535 :
918 501 968 535 sic
981 500 1063 535 huic
1085 501 1226 537 inimica
1249 504 1374 538 intem-

208 579 361 627 perantia
386 590 518 614 omnem
543 578 649 614 animi
681 580 809 614 statum
833 578 1037 622 inflammat,
1063 578 1262 623 conturbat,
1286 581 1376 617 inei-

210 659 272 692 tat.
322 657 445 702 Itaque
483 658 517 690 et
550 655 780 702 aegritudines
810 657 844 690 et
874 658 985 690 metus
1015 658 1049 690 et
1072 655 1222 701 reliquae
1242 659 1376 703 pertur-

208 732 363 768 bationes
388 743 503 766 omnes
524 732 719 778 gignuntur
740 744 780 766 ex
803 734 870 766 ea.''
904 731 1033 766 Eodem
1046 732 1146 767 modo
1163 731 1377 781 Chrysippus

206 812 248 848 τὰ
278 811 366 853 πάθη
393 812 483 847 dixit
508 814 644 853 κινήσεις
670 811 731 848 ὑπὸ
761 814 815 848 τοῦ
843 810 937 861 λόγου
966 814 1166 862 γιγνόμενοις.
1196 814 1250 862 (1)
1295 805 1297 807 ,

256 889 411 924 Affectus
433 889 543 936 igitur
567 888 753 924 secundum
766 900 881 924 eorum
904 888 1095 925 doctrinam
1118 889 1267 937 pendent
1279 902 1375 938 pror-

209 978 267 1002 sus
306 978 324 1001 a
349 965 490 1001 ratione.
541 964 628 1001 Cum
660 965 715 1001 his
750 965 903 1001 concinit
939 977 1054 1002 eorum
1080 965 1250 1010 definitio,
1274 979 1376 1014 quam

210 1047 347 1083 exhibet
368 1047 533 1083 Stobaeus
561 1048 612 1095 (2)
630 1061 636 1083 :
663 1047 773 1089 Πάθος
798 1042 829 1083 δ’
848 1047 932 1084 εἶναι’
944 1061 1040 1098 φασιν
1057 1049 1157 1099 ὁρμὴν
1175 1049 1376 1094 πλεονάζου-

209 1144 270 1166 σαν
299 1129 354 1165 καὶ
382 1129 498 1169 ἀπειθῆ
518 1143 564 1179 τῳ
590 1131 729 1179 αἱροῦντι
746 1129 844 1179 λόγῳ,
862 1130 882 1169 ἢ
899 1131 1022 1171 κίνησιν
1037 1131 1144 1179 ψυχῆς
1162 1132 1254 1181 παρὰ
1270 1133 1375 1182 φύσιν.

210 1209 365 1243 Affectus
389 1207 577 1255 praecipui,
611 1206 654 1241 ad
691 1219 777 1253 quos
803 1207 905 1242 ceteri
931 1208 1046 1243 referri
1071 1211 1216 1255 possunt
1245 1221 1377 1252 omnes,

211 1290 294 1323 sunt
336 1287 373 1322 hi
418 1290 564 1333 quatuor
590 1301 596 1322 :
631 1287 782 1336 ἐπιθυμίαι
807 1291 840 1324 et
865 1286 985 1336 ἡδονή,
1014 1288 1098 1331 λύπη
1125 1292 1159 1325 et
1184 1288 1279 1339 φόβος
1312 1290 1376 1338 (3).

211 1366 278 1401 Illa
311 1378 329 1400 e
367 1365 500 1401 duobus
537 1366 685 1412 opinatis
711 1366 812 1401 bonis
836 1369 1044 1410 nascuntur,
1080 1367 1162 1402 haec
1192 1380 1210 1403 e
1245 1368 1377 1405 duobus

211 1447 360 1497 opinatis
381 1446 489 1481 malis.
540 1447 609 1485 Τὴν
638 1445 743 1486 λύπην
769 1446 938 1483 definiunt
951 1449 1218 1485 contractionem
1243 1446 1378 1496 (συσπο-

212 1526 292 1579 λὴν)
319 1532 450 1567 animae
461 1531 588 1566 rationi
601 1543 671 1566 non
684 1531 983 1578 obtemperantem,
1010 1532 1148 1579 ejusque
1162 1545 1295 1568 causam
1308 1545 1379 1568 esse

211 1615 358 1662 positam
370 1615 408 1650 in
421 1614 582 1661 opinione
595 1612 635 1649 de
648 1612 744 1649 malis
757 1613 1004 1661 praesentibus3
1018 1612 1070 1649 τὸν
1099 1612 1197 1664 φόβον
1221 1614 1377 1650 evitatio-

210 1710 288 1733 nem
316 1692 487 1743 (ἔκκλισιν)
515 1697 640 1732 rationi
661 1709 732 1731 non
753 1696 1052 1743 obtemperantem,
1077 1697 1214 1744 ejusque
1243 1709 1378 1733 causam

210 1787 282 1810 esse
302 1774 341 1809 in
362 1774 524 1822 opinione
548 1774 589 1809 de
613 1773 711 1809 malis
731 1773 868 1809 futuris.
897 1774 949 1821 (4)

261 1852 372 1886 Stoici
396 1863 468 1886 non
501 1851 654 1885 sufficere
674 1852 812 1896 putant,
837 1849 1119 1896 quemadmodum
1145 1850 1378 1897 Peripatetici,

213 1930 254 1963 ut
275 1928 353 1974 quis
378 1939 448 1962 non
461 1927 565 1962 nimis
582 1925 760 1974 indulgeat
785 1926 977 1970 afl'eetibus3
1003 1927 1072 1961 imo
1105 1926 1218 1962 eadem
1247 1927 1379 1963 ratione

215 2018 254 2042 ac
276 2006 362 2042 vitia
383 2017 521 2052 prorsus
542 2003 789 2039 exscindendos
811 2016 867 2039 eos
891 2016 962 2039 esse
986 2003 1118 2039 docent.
1170 2004 1264 2044 uQui
1288 2005 1378 2041 enim

213 2083 352 2119 modum
382 2083 419 2117 in
445 2081 531 2117 vitio
556 2081 703 2127 quaerit,
728 2080 885 2116 similiter
908 2081 1007 2124 facit,
1031 2083 1072 2116 ut
1102 2082 1131 2117 si
1156 2093 1253 2129 posse
1281 2084 1379 2130 putet

253 2243 293 2276 (1)
314 2240 449 2273 Galenus,
473 2241 508 2268 de
530 2240 666 2276 Hippocr.
686 2244 714 2268 et
732 2241 808 2267 Plat.
828 2240 945 2268 decretis
963 2240 1020 2267 IV.
1040 2249 1069 2276 p.
1090 2241 1154 2267 279.

251 2293 291 2328 (2)
312 2292 371 2319 L.1.
392 2301 421 2327 p.
448 2294 512 2319 166.
551 2291 634 2319 Conf.
664 2291 749 2327 Diog.
766 2291 802 2319 L.
821 2291 887 2319 Lib.
907 2291 978 2319 VII.
1008 2291 1024 2326 ἓ
1055 2294 1116 2318 110.
1147 2290 1262 2324 cicero,
1293 2290 1379 2318 Tusc.

212 2344 269 2373 IV.
289 2352 315 2372 c.
334 2347 361 2371 6.
1284 2336 1288 2340 ’

252 2396 292 2430 (3)
312 2394 464 2427 Stobwus,
485 2395 529 2421 l.1.
550 2403 578 2429 p.
606 2396 657 2421 174
676 2403 719 2430 sq.
740 2395 826 2430 Diog.
843 2394 879 2421 L.
900 2394 964 2421 Lib.
989 2393 1060 2421 VII.
1084 2394 1100 2427 ξ
1123 2396 1170 2420 lll
1193 2401 1235 2427 sq.

254 2446 293 2481 (4)
315 2445 466 2477 Stobaeus‚
490 2445 534 2471 l.1.
560 2453 588 2479 p.
613 2446 673 2471 172.
