1524 2932
754 230 800 263 54

201 339 292 374 haud
312 339 413 375 semel
437 339 564 374 dixisse
589 351 597 373 ε
622 340 684 374 τῶν
710 337 858 386 αἰσχρῶν
886 335 920 372 τὸ
947 336 1028 371 θεῖον
1056 337 1222 386 παραίτιον
1243 335 1358 384 γίνεσ-

200 419 275 468 θαι,
302 420 358 457 οὐκ
386 420 514 470 εὔλογον
540 418 635 456 ἐστίν·
666 418 701 455 ὃν
727 419 841 469 τρόπον
868 417 935 468 γὰρ
962 418 1031 454 οὔτε
1059 419 1149 467 νόμος
1178 420 1231 454 τοῦ
1245 429 1358 466 παρα-

202 503 308 551 νομεῖν
336 502 501 553 παραίτιος
528 501 570 538 ἂν
601 502 720 551 γένοιτο
754 502 823 537 οὔτε
855 500 883 536 οἱ
914 498 976 535 θεοὶ
1009 502 1062 535 τοῦ
1087 498 1234 549 ἀσεβεῖν,
1263 501 1357 540 οὕτως

201 584 329 635 εὔλογον
336 613 349 634 ‚
375 581 456 635 μηδ’
485 585 628 635 αἰσχροῦ
642 581 775 634 μηδενὸς
791 582 871 620 εἶναι
888 582 1081 634 παραιτίους.
1140 582 1246 618 Porro
1283 594 1358 618 eum

201 662 355 697 laudasse
378 662 459 697 haec
484 660 689 708 Euripidea:

312 819 356 854 Ei
384 818 451 855 θεοί
478 832 507 855 τι
541 816 663 867 δρῶσιν
694 817 846 867 αἰσχρόν,
883 817 937 853 οὺκ
965 816 1042 853 εἰσὶν
1071 816 1145 852 θεοί.
1175 817 1226 864 (1)

204 974 285 1009 item
307 972 395 1009 illud
417 987 424 1008 τ

315 1132 362 1170 Τὸ
389 1132 507 1183 ῥσῖστον
540 1133 648 1207 ειτπας,
677 1133 882 1171 αἰτιάσασθαι
918 1133 1014 1175 θεούς.
1043 1135 1095 1182 (2)

209 1286 397 1324 Concludit
433 1287 637 1325 Plutarchus
664 1302 670 1323 :
696 1288 788 1337 Ergo
820 1287 887 1325 sibi
924 1287 1147 1332 contradixit,
1189 1287 1240 1324 nil
1273 1287 1366 1324 aliud

208 1365 296 1401 volo.

256 1442 313 1477 Ne
349 1453 428 1478 vero
469 1442 547 1488 quis
582 1445 716 1489 urgeret
754 1441 936 1489 Chrysippi
975 1442 1105 1477 dictum
1148 1441 1249 1477 modo
1285 1441 1367 1477 alla-

209 1520 301 1560 tum,
326 1517 387 1553 ubi
413 1516 491 1552 deos
516 1518 679 1553 vitiorum
712 1530 783 1553 esse
807 1530 923 1554 causas
946 1518 1070 1554 diserte
1095 1519 1248 1566 negavit,
1272 1518 1370 1566 plura

210 1596 306 1629 affert
332 1594 384 1641 (3)
411 1594 483 1641 ejus
504 1595 699 1638 enunciata,
724 1595 849 1641 quibus
879 1596 1031 1630 omnium
1056 1607 1166 1631 rerum
1186 1596 1368 1631 necessitas

210 1671 400 1706 affirmetur.
450 1670 634 1707 Plutarcho
659 1672 798 1707 omnino
820 1670 1072 1707 concedendum
1092 1674 1158 1715 est,
1171 1672 1248 1707 istis
1261 1683 1369 1707 enun-

212 1748 311 1782 ciatis
332 1760 464 1782 omnem
485 1747 674 1783 libertatem
694 1747 875 1783 humanam
895 1748 1020 1795 negari.
1058 1747 1247 1783 Audiamus
1260 1747 1370 1795 Chry-

213 1824 347 1870 sippum
373 1837 380 1858 τ
412 1823 551 1862 nQuum
576 1826 687 1859 autem
706 1823 768 1859 tali
792 1824 892 1859 modo
916 1824 968 1871 (4)
991 1824 1141 1859 omnium
1161 1835 1272 1858 rerum
1292 1836 1370 1870 pro-

256 1981 295 2015 (1)
315 1980 447 2007 Justinus
469 1979 580 2014 Martyr
598 1980 628 2006 in
649 1980 743 2007 libello
761 1980 795 2006 de
813 1979 978 2007 Monarchia
993 1980 1060 2007 haec
1073 1987 1133 2007 esse
1141 1980 1372 2017 verbaEuripidis

216 2040 246 2067 in
265 2038 481 2075 Bellerophonte
502 2039 622 2066 monuit.
660 2038 717 2071 Pro
735 2032 857 2076 αἰσχρὸν
883 2038 960 2066 Just.
991 2038 1058 2074 legit
1076 2034 1193 2076 φαῦλον.

255 2091 295 2125 (2)
316 2090 363 2117 Ex
381 2090 526 2125 Euripidis
551 2089 690 2117 Archelao
708 2089 907 2123 fragmentum.

256 2143 296 2177 (3)
317 2141 394 2169 Plut.
419 2142 452 2169 de
473 2140 559 2169 Stoic.
579 2141 709 2177 Repugn.
726 2150 756 2177 p.
779 2143 858 2168 1050.

256 2201 296 2235 (4)
316 2200 384 2228 Scil.
405 2199 581 2236 Chrysippus
603 2195 635 2226 τὸ
658 2195 750 2226 αἴτιον
770 2199 820 2234 (ita
838 2200 915 2227 enim
933 2207 998 2227 cum
1007 2198 1156 2234 Xylandro
1165 2199 1315 2234 legendum
1324 2206 1375 2234 pto

220 2252 330 2291 ἀΐδιον)
362 2256 496 2289 κινήσεως
525 2261 736 2293 comparaverat
763 2257 898 2292 κυκεῶνι;
928 2256 1044 2284 fortasse
1071 2260 1209 2292 quatenus
1226 2250 1259 2283 τὸ
1280 2250 1376 2283 αἴτιον

221 2315 356 2349 κινήσεως
373 2327 396 2345 s.
417 2327 501 2346 causa
523 2327 637 2352 eorum,
657 2327 728 2354 quae
750 2322 900 2347 moventur
918 2317 1098 2353 (efficiuntur)
1121 2316 1276 2345 necessario
1294 2326 1377 2346 suum

224 2378 352 2406 effectum
385 2370 519 2412 (κίνησιν)
548 2378 655 2413 prodit,
685 2378 783 2406 eodem
811 2378 911 2410 modo,
945 2386 1000 2412 quo
1024 2380 1106 2412 potus
1124 2376 1229 2404 mixtus
1248 2370 1376 2411 (κυκεὼν)

225 2430 379 2458 necessario
397 2429 512 2457 efficitur
532 2429 581 2462 iis,
605 2437 619 2456 e
642 2429 741 2464 quibus
759 2429 931 2465 compositus
952 2433 1003 2456 est.
