1524 2932
766 194 809 226 91

210 291 294 327 chus
324 293 360 327 id
394 294 576 330 absurdum
609 307 680 339 esse
703 296 843 342 probare
867 298 1025 338 conatur,
1050 295 1254 339 refellamus3
1281 297 1370 332 inest

208 370 299 406 enim
322 371 360 406 in
381 372 503 419 ipsius,
528 384 613 419 quae
630 373 741 416 affert,
775 371 960 419 Chrysippi
985 371 1096 408 verbis
1121 372 1295 408 luculenta
1316 385 1367 408 re-

207 446 340 483 futatio.

256 525 414 573 Denique
446 538 465 561 a
500 524 686 561 Plutarcho
710 525 733 560 1.
758 525 781 560 l.
812 525 939 561 citatur
963 524 1148 573 Chrysippi
1173 525 1238 561 hoc
1263 538 1370 561 enun-

209 609 334 645 ciatum
361 623 367 643 ε
398 610 467 644 οὔτε
496 608 595 656 μονὴν
622 608 655 644 ἐν
683 610 730 656 τῷ
758 606 823 657 βίῳ
851 608 914 650 τοῖς
942 608 1097 658 ἀγαθοῖς,
1128 610 1198 645 οὕτε
1239 607 1371 658 ἐξαγω-

208 693 267 741 γὴν
311 693 374 733 τοῖς
401 692 510 733 κακοῖς
538 692 769 741 παραμετρεῖν,
807 690 896 727 ἀλλὰ
924 692 988 732 τοῖς
1016 692 1123 739 μέσοις
1151 692 1236 727 κατὰ
1264 692 1369 741 φύσιν·

208 773 260 809 διὸ
288 773 341 809 καὶ
372 775 435 814 τοῖς
463 771 684 821 εὐδαιμονοῦσι
713 773 832 821 γίνεται
861 772 937 810 ποτὲ
965 772 1103 812 καθῆκον
1137 772 1265 823 ἐξάγειν
1291 773 1372 810 ἑαυ-

207 855 298 904 τοὺς,
327 854 381 891 καὶ
410 855 516 904 μένειν
543 849 630 896 αὖθις
659 853 691 890 ἐν
718 857 764 903 τῷ
793 857 853 904 ζῇν
882 855 945 895 τοῖς
974 852 1272 903 κακοδαιμονοῦσιν.
1308 857 1372 903 (1).

257 932 346 968 Cum
383 932 577 967 Stoicorum
620 932 776 966 doctrina
808 931 897 966 illud
929 931 1095 978 placitum
1124 944 1261 979 prorsus
1292 945 1373 968 eon-

208 1021 329 1059 gruere
354 1020 455 1056 supra
480 998 699 1044 dstanffimus.
750 1007 956 1044 Plutarchus
977 1020 1073 1053 vero,
1098 1011 1240 1057 putans,
1262 1008 1373 1057 Chry-

210 1088 345 1135 sippmn
365 1086 442 1122 hsl.
464 1087 610 1134 sapienti
632 1086 833 1134 imposuisse
853 1086 1003 1122 officium
1026 1086 1264 1133 nrelinquendi
1284 1087 1375 1123 bona

208 1165 397 1214 praesentia
430 1164 473 1200 ob
507 1164 676 1200 defectum
709 1163 854 1211 alicujus
886 1164 936 1199 rei
968 1163 1232 1207 indifferentis”,
1269 1164 1373 1199 errori

208 1243 260 1276 est
281 1240 460 1276 obnoxius.
495 1239 577 1274 Tale
598 1240 683 1286 quid
705 1240 795 1275 enim
815 1251 887 1274 non
907 1242 1044 1275 tantum
1057 1239 1241 1287 Chrysippi
1262 1240 1374 1276 verbis

210 1324 322 1361 allatis
351 1326 520 1371 repugnat
549 1322 688 1370 (quibus
713 1322 785 1359 vita
808 1334 881 1358 non
901 1320 945 1357 ad
964 1321 1007 1359 τὰ
1035 1320 1147 1371 ἀγαθοί
1174 1320 1233 1357 sed
1262 1321 1305 1357 ad
1332 1321 1374 1358 τὰ

209 1404 376 1456 ἀδιάφορα
412 1406 592 1453 refertur),
630 1404 689 1440 sed
726 1405 827 1441 etiam
859 1405 926 1452 ipsi
959 1405 1153 1441 Stoicorum
1190 1405 1374 1441 doetrinae.

210 1483 353 1530 Sapiens
377 1495 448 1518 non
473 1483 517 1518 ob
543 1482 711 1517 defectum
736 1482 785 1517 rei
806 1481 1031 1517 indifferentis
1055 1481 1251 1518 beatitatem
1271 1481 1374 1518 relin-

212 1562 309 1607 quet,
334 1559 393 1596 sed
417 1559 532 1607 potius
556 1558 732 1595 moriendo
755 1559 901 1603 cavebit,
926 1572 970 1596 ne
994 1559 1076 1596 haec
1106 1560 1249 1597 beatitas
1274 1563 1375 1608 atque

209 1649 271 1672 sua
290 1637 400 1683 ipsius
421 1636 532 1671 virtus
553 1635 772 1682 periclitetur.

251 1831 290 1867 (l)
311 1831 355 1860 De
371 1831 493 1859 dictione
516 1826 627 1868 ἐξάγειν
652 1825 752 1857 ἑαυτὸν
774 1829 849 1858 conf.
870 1829 1051 1859 Baumhauer
1069 1831 1113 1858 1.l.
1132 1839 1161 1867 p.
1179 1834 1243 1858 243.
