1524 2932
722 238 768 271 44

159 345 211 378 est
245 342 339 384 finis,
372 340 415 376 ad
447 340 540 386 quod
573 340 680 375 trahit
713 351 774 375 sua
797 351 963 386 quemque
988 340 1161 388 voluptas,
1198 344 1239 377 ut
1262 341 1323 384 iis,

158 430 244 465 quae
268 417 417 465 optanda
440 418 579 464 putant,
603 417 789 465 potiantur.
839 415 899 452 1111·
923 416 1033 465 igitur
1056 418 1133 464 qui,
1153 418 1235 455 licet
1255 418 1324 455 vir-

156 495 227 530 tuti
252 494 391 541 aliquod
415 493 572 530 tribuant
600 494 762 541 pretium,
785 495 899 529 tamen
929 492 1128 529 divitiarum
1153 506 1324 542 compara-

156 571 302 614 tionem,
326 570 455 618 gloriae
479 570 647 613 studium,
673 569 804 615 aliaque
827 568 1025 616 hujusmodi
1057 569 1149 605 vitae
1175 569 1323 606 habeant

159 659 315 694 scopum,
339 645 509 693 paradoxo
533 645 586 680 illi
612 645 770 680 assentiri
798 657 870 680 non
894 647 1048 692 possunt.
1098 644 1206 681 Pauci
1230 658 1326 690 vero,

159 735 203 757 ne
233 722 343 757 dicam
381 721 485 764 nulli,
522 722 560 756 in
589 723 687 756 tanta
719 720 898 756 hominum
930 719 1154 756 multitudine
1185 720 1328 765 adsunt,

158 797 219 844 qui
252 797 416 833 virtutem
446 809 610 833 summam
643 808 771 844 semper
799 796 946 833 habeant
969 797 1060 833 vitae
1084 797 1201 841 finem,
1226 800 1327 845 atque

159 873 202 909 ad
229 886 304 909 eam
334 874 596 910 conservandam
621 876 760 910 externa
784 875 875 910 vitae
898 873 988 910 bona
1008 874 1196 921 relinquere
1216 875 1326 922 parati

161 951 242 987 sint.

208 1027 390 1073 Propterea
409 1026 512 1061 multi
538 1026 798 1069 dubitaverunt,
823 1027 892 1061 imo
905 1029 1089 1074 negarunt,
1110 1027 1272 1063 virtutem
1284 1027 1327 1063 ad

159 1101 266 1137 vitam
291 1101 421 1137 beatam
452 1102 612 1136 sufficere.
663 1101 747 1137 Non
768 1102 1026 1149 perspicientes,
1048 1101 1153 1138 solam
1165 1103 1327 1139 virtutem

160 1190 232 1213 non
257 1190 329 1213 esse
355 1177 516 1213 famulam
539 1178 712 1221 fortunae,
737 1190 808 1213 non
833 1190 905 1213 esse
929 1179 1115 1226 subjectam
1140 1179 1244 1215 variis
1272 1180 1328 1225 in-

161 1254 330 1300 certisque
363 1254 513 1297 casibus,
550 1253 609 1289 sed
641 1266 713 1289 eam
744 1256 918 1289 tantarum
951 1254 1078 1290 virium
1101 1266 1187 1298 esse,
1223 1257 1264 1290 ut
1294 1267 1329 1291 se

160 1331 234 1379 ipsa
262 1333 415 1375 tueatu13
441 1343 483 1367 ex
507 1330 648 1367 humani
672 1332 805 1380 generis
826 1331 985 1376 mollitie,
1009 1344 1080 1367 non
1101 1344 1142 1368 ex
1163 1333 1237 1380 ipsa
1258 1333 1329 1369 vir-

160 1411 237 1444 tute
274 1408 316 1443 de
352 1409 494 1444 virtutis
527 1408 647 1443 robore
679 1409 968 1445 existimaverunt.
1017 1409 1095 1444 Illis
1120 1410 1233 1445 virtus
1257 1423 1327 1446 non

161 1498 199 1520 ea
227 1488 294 1528 est,
319 1497 405 1532 quae
432 1485 586 1528 divitias,
611 1485 770 1528 honores,
796 1498 890 1533 opes,
915 1498 1097 1532 omnesque
1123 1498 1220 1521 casus
1245 1499 1327 1522 con-

162 1564 292 1597 temnat
316 1560 498 1605 humanos3
523 1573 593 1596 non
615 1574 667 1604 ea,
693 1573 778 1608 quae
811 1562 904 1596 omni
930 1573 1046 1597 carens
1076 1561 1176 1610 culpa
1199 1566 1329 1610 praeter

162 1653 198 1677 se
218 1641 326 1688 ipsam
352 1643 486 1676 censeat
510 1640 599 1676 nihil
626 1640 668 1675 ad
694 1652 730 1675 se
753 1640 934 1687 pertinere3
961 1640 1020 1675 sed
1040 1652 1092 1683 ea,
1117 1652 1203 1686 quae
1223 1642 1329 1677 socie-

161 1722 267 1754 tatem
292 1718 462 1765 quandam
487 1718 580 1752 ineat
606 1729 684 1752 cum
705 1716 894 1764 voluptate,
919 1719 959 1752 ut
981 1729 1058 1751 cum
1078 1728 1116 1751 ea
1146 1716 1330 1763 conjuncta

163 1797 295 1833 beatam
334 1795 467 1831 homini
505 1795 660 1842 praebeat
698 1795 812 1830 vitam.
875 1794 971 1829 Haec
1003 1797 1055 1829 est
1086 1794 1330 1841 Epicureorum

165 1873 350 1915 sententia,
374 1872 500 1918 quibus
522 1883 689 1906 summum
714 1871 841 1906 bonum
861 1871 1010 1917 positum
1035 1873 1086 1906 est
1110 1871 1147 1906 in
1157 1870 1332 1918 voluptate

167 1950 239 1985 sive
265 1948 392 1984 doloris
414 1948 600 1991 vacuitate,
626 1947 789 1995 adjuncta
812 1947 949 1983 virtute.

216 2025 396 2065 Quantum
418 2025 460 2060 ab
481 2024 602 2060 horum
628 2024 797 2060 sententia
817 2026 965 2059 remotus
986 2024 1089 2059 fuerit
1110 2023 1332 2073 Chrysippus,

166 2105 303 2150 apparet
328 2102 523 2149 praesertim
548 2114 589 2137 ex
614 2101 679 2137 hoc
700 2102 772 2148 ejus
803 2100 911 2144 dicto,
936 2101 1027 2148 quod
1059 2101 1159 2137 nobis
1183 2102 1330 2139 servavit

165 2184 372 2220 Plutarchus
412 2185 464 2231 (1)
502 2197 507 2218 :
546 2183 580 2219 οὐ
609 2184 702 2231 μόνον
731 2184 786 2221 τὴν
814 2181 1037 2229 δικαιοσύνην,
1072 2182 1161 2218 ἀλλὰ
1191 2182 1244 2218 καὶ
1275 2184 1331 2221 τὴν

171 2264 418 2314 μεγαλοψυχίαν
446 2264 642 2314 ἀναιρεῖσθαι
678 2263 732 2300 καὶ
772 2265 827 2303 τὴν
861 2264 1061 2315 σωφροσύνην
1095 2264 1149 2301 καὶ
1179 2265 1236 2305 τὰς
1263 2263 1331 2300 ἅλ-

207 2424 246 2459 (1)
267 2424 311 2452 De
330 2424 415 2452 Stoic.
437 2424 567 2460 Repugn.
593 2434 621 2460 p.
644 2427 714 2452 1040
733 2426 774 2454 D.
