1524 2932
725 233 770 268 45

170 340 228 381 λας
254 339 371 389 ἀρετὰς
399 340 547 388 ἁπάσας,
579 340 621 376 ἂν
650 341 670 379 ἢ
700 340 758 379 τὴν
785 338 902 379 ἡδονὴν
937 340 958 379 ἢ
986 341 1044 379 τὴν
1072 340 1180 390 ὑγείαν
1231 346 1252 381 ἥ
1296 356 1324 378 τι

169 423 233 458 τῶν
261 419 386 470 ἄλλων,
415 420 431 458 ὃ
459 423 504 472 μὴ
533 421 631 459 καλόν
659 421 762 471 ἐστιν,
793 421 914 471 ἀγαθὸν
942 421 1163 472 ἀπολίπωμεν.

219 497 250 533 Ε
271 498 439 545 paradoxo
470 500 630 535 virtutem
662 500 710 534 ad
731 499 950 546 felicitatem
978 501 1129 547 sufficere
1162 501 1330 547 sequitur,

170 573 285 618 illum,
308 576 369 622 qui
398 576 555 611 omnibus
580 576 627 611 sit
655 575 829 622 praeditus
861 575 1066 619 virtutibus,
1091 575 1226 612 beatum
1246 578 1333 621 fore,

169 656 256 701 sive,
291 660 332 693 ut
367 658 561 694 Stoicorum
593 656 694 692 modo
726 656 860 703 loquar,
902 656 955 693 τὸν
997 658 1091 707 σόφου
1119 655 1330 707 εὐδαιμονεῖν.

169 732 224 768 De
248 734 409 781 sapientis
430 734 559 769 virtute
584 744 689 778 quum
713 732 752 767 in
777 733 888 780 capite
908 733 1127 780 praecedente
1148 735 1330 781 egerimus,

170 811 290 854 restat,
314 812 355 846 ut
378 809 437 845 hic
461 809 579 857 paucis
604 821 809 856 exponamus
836 822 843 844 :
869 810 1025 857 quomodo
1050 822 1072 844 a
1081 810 1253 856 fortunae
1274 823 1331 846 ca-

169 892 262 928 sibus
287 887 366 940 (τοῖς
393 887 683 942 ἀποπροηγμένοις)
709 892 847 938 sapiens
851 891 1071 937 felicitatem
1083 904 1180 926 suam
1195 892 1333 928 liberam

134 966 142 969 '¹
171 974 205 1005 et
229 970 360 1005 saboam
385 973 508 1004 teneat.

220 1046 273 1081 Ut
304 1048 395 1081 recte
423 1045 670 1093 intelligamus,
700 1044 869 1091 quomodo
902 1045 1065 1092 sapientis
1111 1044 1256 1080 felicitas
1291 1045 1333 1081 ab

172 1124 331 1159 omnibus
364 1123 465 1159 rebus
503 1122 652 1158 adversis
684 1124 761 1157 tuta
793 1122 902 1169 possit
937 1122 1114 1169 praestari,
1144 1122 1334 1157 notandum

172 1203 239 1244 est,
263 1200 301 1235 id
337 1212 408 1235 esse
440 1199 565 1234 Stoicis
602 1199 791 1246 proprium,
823 1202 864 1234 ut
896 1211 983 1242 non,
1017 1199 1108 1234 sicut
1141 1199 1240 1234 Plato
1279 1200 1331 1247 (1)

172 1276 311 1323 aliique,
336 1275 540 1324 cupiditates
572 1278 765 1322 ceterosque
789 1275 894 1310 animi
918 1277 1031 1310 motus
1055 1274 1098 1310 ad
1122 1278 1250 1322 partem
1271 1275 1334 1311 ali-

172 1366 272 1400 quam
296 1353 400 1389 animi
430 1365 449 1388 a
481 1353 613 1388 ratione
636 1353 824 1400 sejunctam
854 1354 1014 1396 referant,
1039 1354 1098 1389 sed
1123 1355 1235 1389 omnia
1267 1355 1334 1390 ista

168 1436 322 1472 tribuant
346 1432 392 1485 τῷ
421 1434 519 1485 λόγῳ.
583 1435 663 1471 Hoc
699 1434 864 1483 placitum
897 1448 917 1471 a
954 1436 1090 1472 Zenone
1113 1437 1332 1484 repetendum

172 1516 233 1549 est.
284 1513 379 1548 ssHic
403 1513 510 1555 enim,
534 1525 640 1558 quum
664 1512 933 1559 perturbationes
962 1513 1224 1560 (condolescere,
1250 1526 1332 1549 con-

171 1589 356 1637 cupiscere,
381 1589 595 1624 extimescere
634 1590 667 1624 et
689 1589 798 1624 efferri
823 1587 966 1636 laetitia)
996 1589 1129 1635 antiqui
1161 1589 1330 1625 naturales

170 1678 242 1701 esse
271 1665 421 1700 dicerent
446 1667 480 1700 et
507 1665 650 1699 rationis
682 1666 849 1710 expertes,
881 1664 1014 1710 aliaque
1045 1665 1083 1699 in
1107 1667 1201 1711 parte
1226 1666 1330 1700 animi

171 1740 407 1788 cupiditatem,
445 1739 513 1775 alia
536 1739 700 1775 rationem
725 1738 944 1782 collocarent,
973 1751 1017 1774 ne
1040 1738 1095 1774 his
1116 1740 1253 1786 quidem
1277 1753 1330 1776 as-

171 1817 387 1853 sentiebatur.
437 1817 528 1852 Nam
557 1819 590 1852 et
611 1816 879 1864 perturbationes
904 1814 1113 1852 voluntarias
1139 1829 1210 1852 esse
1231 1820 1330 1864 puta-

170 1894 229 1931 bat
259 1894 497 1942 opinionisque
521 1893 654 1942 judicio
692 1894 836 1941 suscipi,
869 1895 903 1929 ct
928 1893 1080 1929 omnium
1104 1894 1330 1941 perturbatio-

169 1984 253 2007 num
287 1971 513 2008 arbitrabatur
545 1984 616 2007 esse
644 1973 784 2007 matrem
807 1970 1059 2006 immoderatam
1083 1972 1251 2018 quandam
1276 1974 1331 2008 in-

170 2048 444 2095 temperantiam''
472 2048 535 2095 (2).
584 2048 850 2095 Intemperantia
862 2050 973 2083 autem
991 2050 1043 2083 est
1069 2060 1111 2083 na
1135 2050 1208 2084 tota
1219 2052 1332 2085 mente

172 2128 207 2160 et
228 2137 247 2159 a
266 2127 357 2160 recta
381 2124 511 2159 ratione
536 2123 695 2167 defectio,
721 2125 771 2159 sic
804 2136 919 2160 aversa
949 2136 968 2159 a
991 2124 1254 2171 praescriptione
1277 2137 1331 2160 ra-

171 2200 292 2243 tionis,
316 2202 357 2235 ut
381 2199 477 2234 nullo
501 2199 602 2234 modo
624 2200 846 2246 appetitiones
872 2200 976 2235 animi
988 2211 1051 2235 nec
1068 2200 1140 2247 regi
1160 2211 1223 2235 nec
1248 2212 1329 2236 con⁶

209 2380 248 2415 (1)
268 2380 304 2407 In
326 2380 405 2408 libris
425 2380 459 2409 de
478 2380 642 2417 Republica.
659 2380 743 2409 Conf.
765 2380 864 2409 Cicero
881 2381 967 2408 Tusc.
987 2380 1104 2415 Quaest.
1127 2380 1154 2407 1.
1178 2388 1203 2407 c.
1228 2383 1271 2407 10.
1300 2376 1303 2380 ’

206 2430 247 2465 (2)
267 2429 381 2464 Cicero,
401 2431 492 2459 Acad.
517 2431 632 2466 Quaest.
656 2432 682 2459 Ι.
699 2441 725 2459 c.
748 2435 793 2460 10.
818 2432 903 2460 Tuse.
928 2431 1044 2467 Quaest.
1069 2431 1125 2458 IV.
1148 2439 1173 2459 c.
1197 2434 1226 2459 9.
