<?xml version="1.0" encoding="UTF-8"?>
<!DOCTYPE html PUBLIC "-//W3C//DTD XHTML 1.0 Transitional//EN"
    "http://www.w3.org/TR/xhtml1/DTD/xhtml1-transitional.dtd">
<html xmlns="http://www.w3.org/1999/xhtml" xml:lang="en" lang="en">
 <head>
  <title>
</title>
<meta http-equiv="Content-Type" content="text/html;charset=utf-8" />
  <meta name='ocr-system' content='tesseract 3.04.00' />
  <meta name='ocr-capabilities' content='ocr_page ocr_carea ocr_par ocr_line ocrx_word'/>
</head>
<body>
  <div class='ocr_page' id='page_1' title='image "4737228_0058.png"; bbox 0 0 1524 2932; ppageno 0'>
   <div class='ocr_carea' id='block_1_1' title="bbox 749 229 793 263">
    <p class='ocr_par' dir='ltr' id='par_1_1' title="bbox 749 229 793 263">
     <span class='ocr_line' id='line_1_1' title="bbox 749 229 793 263; baseline 0 0"><span class='ocrx_word' id='word_1_1' title='bbox 749 229 793 263; x_wconf 81' lang='lat'>38</span> 
     </span>
    </p>
   </div>
   <div class='ocr_carea' id='block_1_2' title="bbox 548 710 978 748">
    <p class='ocr_par' dir='ltr' id='par_1_2' title="bbox 548 710 978 748">
     <span class='ocr_line' id='line_1_2' title="bbox 548 710 978 748; baseline -0.002 0"><span class='ocrx_word' id='word_1_2' title='bbox 548 711 706 748; x_wconf 85' lang='lat' dir='ltr'>CAPUT</span> <span class='ocrx_word' id='word_1_3' title='bbox 746 710 978 748; x_wconf 84' lang='lat' dir='ltr'>TERTIUM.</span> 
     </span>
    </p>
   </div>
   <div class='ocr_carea' id='block_1_3' title="bbox 208 824 1326 871">
    <p class='ocr_par' dir='ltr' id='par_1_3' title="bbox 208 824 1326 871">
     <span class='ocr_line' id='line_1_3' title="bbox 208 824 1326 871; baseline -0.002 -3"><span class='ocrx_word' id='word_1_4' title='bbox 208 824 255 868; x_wconf 67' lang='lat' dir='ltr'>br:</span> <span class='ocrx_word' id='word_1_5' title='bbox 285 844 506 868; x_wconf 79' lang='lat' dir='ltr'><strong>FELICITATE</strong></span> <span class='ocrx_word' id='word_1_6' title='bbox 535 843 700 871; x_wconf 77' lang='lat' dir='ltr'>EJUSQUE</span> <span class='ocrx_word' id='word_1_7' title='bbox 728 843 807 867; x_wconf 85' lang='lat' dir='ltr'>CUM</span> <span class='ocrx_word' id='word_1_8' title='bbox 833 843 997 867; x_wconf 74' lang='lat' dir='ltr'>VIRTUTE</span> <span class='ocrx_word' id='word_1_9' title='bbox 1030 841 1326 867; x_wconf 81' lang='lat' dir='ltr'>CONJUNCTIONE.</span> 
     </span>
    </p>
   </div>
   <div class='ocr_carea' id='block_1_4' title="bbox 176 1160 1350 1896">
    <p class='ocr_par' dir='ltr' id='par_1_4' title="bbox 176 1160 1350 1896">
     <span class='ocr_line' id='line_1_4' title="bbox 231 1160 1350 1210; baseline 0 -12"><span class='ocrx_word' id='word_1_10' title='bbox 231 1163 348 1203; x_wconf 78' lang='lat' dir='ltr'>Quum</span> <span class='ocrx_word' id='word_1_11' title='bbox 386 1162 516 1198; x_wconf 90' lang='lat' dir='ltr'>homini</span> <span class='ocrx_word' id='word_1_12' title='bbox 550 1162 723 1210; x_wconf 88' lang='lat' dir='ltr'>proprium</span> <span class='ocrx_word' id='word_1_13' title='bbox 745 1163 792 1197; x_wconf 85' lang='lat' dir='ltr'>sit</span> <span class='ocrx_word' id='word_1_14' title='bbox 817 1174 887 1197; x_wconf 91' lang='lat' dir='ltr'>non</span> <span class='ocrx_word' id='word_1_15' title='bbox 917 1161 1031 1196; x_wconf 82' lang='lat' dir='ltr'>minus</span> <span class='ocrx_word' id='word_1_16' title='bbox 1053 1160 1229 1197; x_wconf 79' lang='lat' dir='ltr'>felicitatis</span> <span class='ocrx_word' id='word_1_17' title='bbox 1250 1174 1350 1209; x_wconf 87' lang='lat' dir='ltr'>quam</span> 
     </span>
     <span class='ocr_line' id='line_1_5' title="bbox 179 1237 1349 1285; baseline -0.001 -10"><span class='ocrx_word' id='word_1_18' title='bbox 179 1239 321 1275; x_wconf 89' lang='lat' dir='ltr'>virtutis</span> <span class='ocrx_word' id='word_1_19' title='bbox 343 1239 513 1282; x_wconf 90' lang='lat' dir='ltr'>studium,</span> <span class='ocrx_word' id='word_1_20' title='bbox 538 1239 756 1285; x_wconf 88' lang='lat' dir='ltr'>omniumque</span> <span class='ocrx_word' id='word_1_21' title='bbox 778 1239 920 1274; x_wconf 85' lang='lat' dir='ltr'>conatus</span> <span class='ocrx_word' id='word_1_22' title='bbox 945 1249 984 1272; x_wconf 92' lang='lat' dir='ltr'>eo</span> <span class='ocrx_word' id='word_1_23' title='bbox 1005 1237 1165 1280; x_wconf 79' lang='lat' dir='ltr'>tendant,</span> <span class='ocrx_word' id='word_1_24' title='bbox 1190 1240 1230 1273; x_wconf 91' lang='lat' dir='ltr'>ut</span> <span class='ocrx_word' id='word_1_25' title='bbox 1255 1239 1349 1285; x_wconf 83' lang='lat' dir='ltr'>quis-</span> 
     </span>
     <span class='ocr_line' id='line_1_6' title="bbox 178 1314 1349 1365; baseline -0.001 -14"><span class='ocrx_word' id='word_1_26' title='bbox 178 1328 245 1362; x_wconf 92' lang='lat' dir='ltr'>que</span> <span class='ocrx_word' id='word_1_27' title='bbox 265 1315 304 1351; x_wconf 89' lang='lat' dir='ltr'>id</span> <span class='ocrx_word' id='word_1_28' title='bbox 321 1315 549 1362; x_wconf 79' lang='lat' dir='ltr'>adipiscatur,</span> <span class='ocrx_word' id='word_1_29' title='bbox 575 1314 667 1361; x_wconf 92' lang='lat' dir='ltr'>quod</span> <span class='ocrx_word' id='word_1_30' title='bbox 692 1327 770 1362; x_wconf 87' lang='lat' dir='ltr'>prae</span> <span class='ocrx_word' id='word_1_31' title='bbox 796 1315 916 1350; x_wconf 86' lang='lat' dir='ltr'>ceteris</span> <span class='ocrx_word' id='word_1_32' title='bbox 935 1327 1028 1365; x_wconf 80' lang='lat' dir='ltr'>suam</span> <span class='ocrx_word' id='word_1_33' title='bbox 1049 1314 1247 1350; x_wconf 84' lang='lat' dir='ltr'>felicitatem</span> <span class='ocrx_word' id='word_1_34' title='bbox 1268 1327 1349 1350; x_wconf 86' lang='lat' dir='ltr'>auc—</span> 
     </span>
     <span class='ocr_line' id='line_1_7' title="bbox 176 1390 1349 1439; baseline -0.001 -11"><span class='ocrx_word' id='word_1_35' title='bbox 176 1394 295 1428; x_wconf 88' lang='lat' dir='ltr'>turum</span> <span class='ocrx_word' id='word_1_36' title='bbox 317 1404 389 1427; x_wconf 87' lang='lat' dir='ltr'>esse</span> <span class='ocrx_word' id='word_1_37' title='bbox 413 1393 529 1439; x_wconf 84' lang='lat' dir='ltr'>putat3</span> <span class='ocrx_word' id='word_1_38' title='bbox 555 1404 626 1426; x_wconf 90' lang='lat' dir='ltr'>non</span> <span class='ocrx_word' id='word_1_39' title='bbox 651 1392 776 1426; x_wconf 87' lang='lat' dir='ltr'>mirum</span> <span class='ocrx_word' id='word_1_40' title='bbox 798 1393 864 1433; x_wconf 87' lang='lat' dir='ltr'>est,</span> <span class='ocrx_word' id='word_1_41' title='bbox 889 1390 1107 1438; x_wconf 85' lang='lat' dir='ltr'>philosophos</span> <span class='ocrx_word' id='word_1_42' title='bbox 1132 1403 1263 1435; x_wconf 85' lang='lat' dir='ltr'>omnes,</span> <span class='ocrx_word' id='word_1_43' title='bbox 1287 1392 1349 1438; x_wconf 90' lang='lat' dir='ltr'>qui</span> 
     </span>
     <span class='ocr_line' id='line_1_8' title="bbox 178 1466 1347 1514; baseline -0.003 -10"><span class='ocrx_word' id='word_1_44' title='bbox 178 1468 370 1504; x_wconf 78' lang='lat' dir='ltr'>doctrinam</span> <span class='ocrx_word' id='word_1_45' title='bbox 391 1467 551 1503; x_wconf 86' lang='lat' dir='ltr'>moralem</span> <span class='ocrx_word' id='word_1_46' title='bbox 577 1469 785 1509; x_wconf 83' lang='lat' dir='ltr'>tractarunt,</span> <span class='ocrx_word' id='word_1_47' title='bbox 810 1466 848 1501; x_wconf 92' lang='lat' dir='ltr'>id</span> <span class='ocrx_word' id='word_1_48' title='bbox 879 1467 980 1501; x_wconf 89' lang='lat' dir='ltr'>etiam</span> <span class='ocrx_word' id='word_1_49' title='bbox 1006 1466 1129 1514; x_wconf 81' lang='lat' dir='ltr'>egisse,</span> <span class='ocrx_word' id='word_1_50' title='bbox 1154 1470 1195 1502; x_wconf 91' lang='lat' dir='ltr'>ut</span> <span class='ocrx_word' id='word_1_51' title='bbox 1219 1479 1286 1513; x_wconf 87' lang='lat' dir='ltr'>qua</span> <span class='ocrx_word' id='word_1_52' title='bbox 1309 1468 1347 1502; x_wconf 91' lang='lat' dir='ltr'>in</span> 
     </span>
     <span class='ocr_line' id='line_1_9' title="bbox 176 1543 1349 1591; baseline -0.001 -10"><span class='ocrx_word' id='word_1_53' title='bbox 176 1557 214 1581; x_wconf 89' lang='lat' dir='ltr'>re</span> <span class='ocrx_word' id='word_1_54' title='bbox 247 1557 418 1581; x_wconf 89' lang='lat' dir='ltr'>summum</span> <span class='ocrx_word' id='word_1_55' title='bbox 443 1544 572 1580; x_wconf 89' lang='lat' dir='ltr'>bonum</span> <span class='ocrx_word' id='word_1_56' title='bbox 596 1544 747 1591; x_wconf 89' lang='lat' dir='ltr'>positum</span> <span class='ocrx_word' id='word_1_57' title='bbox 774 1544 820 1579; x_wconf 91' lang='lat' dir='ltr'>sit</span> <span class='ocrx_word' id='word_1_58' title='bbox 851 1544 1106 1591; x_wconf 87' lang='lat' dir='ltr'>investigarent.</span> <span class='ocrx_word' id='word_1_59' title='bbox 1159 1543 1277 1583; x_wconf 51' lang='lat' dir='ltr'>‘&#39;Qujd</span> <span class='ocrx_word' id='word_1_60' title='bbox 1298 1547 1349 1580; x_wconf 88' lang='lat' dir='ltr'>est</span> 
     </span>
     <span class='ocr_line' id='line_1_10' title="bbox 176 1619 1347 1676; baseline 0 -19"><span class='ocrx_word' id='word_1_61' title='bbox 176 1621 268 1657; x_wconf 90' lang='lat' dir='ltr'>enim</span> <span class='ocrx_word' id='word_1_62' title='bbox 293 1621 332 1657; x_wconf 90' lang='lat' dir='ltr'>in</span> <span class='ocrx_word' id='word_1_63' title='bbox 362 1621 471 1676; x_wconf 77' lang='lat' dir='ltr'>vita,&#39;&#39;</span> <span class='ocrx_word' id='word_1_64' title='bbox 496 1621 545 1656; x_wconf 87' lang='lat' dir='ltr'>ait</span> <span class='ocrx_word' id='word_1_65' title='bbox 570 1619 690 1656; x_wconf 85' lang='lat' dir='ltr'>Cicero</span> <span class='ocrx_word' id='word_1_66' title='bbox 718 1621 788 1668; x_wconf 89' lang='lat'>(1),</span> <span class='ocrx_word' id='word_1_67' title='bbox 828 1623 948 1656; x_wconf 79' lang='lat' dir='ltr'>ntanto</span> <span class='ocrx_word' id='word_1_68' title='bbox 975 1633 1073 1668; x_wconf 87' lang='lat' dir='ltr'>opere</span> <span class='ocrx_word' id='word_1_69' title='bbox 1104 1621 1347 1667; x_wconf 82' lang='lat' dir='ltr'>quaerendum,</span> 
     </span>
     <span class='ocr_line' id='line_1_11' title="bbox 176 1696 1347 1744; baseline 0 -11"><span class='ocrx_word' id='word_1_70' title='bbox 176 1710 278 1744; x_wconf 89' lang='lat' dir='ltr'>quam</span> <span class='ocrx_word' id='word_1_71' title='bbox 304 1709 382 1732; x_wconf 87' lang='lat' dir='ltr'>cum</span> <span class='ocrx_word' id='word_1_72' title='bbox 408 1697 522 1732; x_wconf 87' lang='lat' dir='ltr'>omnia</span> <span class='ocrx_word' id='word_1_73' title='bbox 550 1697 588 1732; x_wconf 90' lang='lat' dir='ltr'>in</span> <span class='ocrx_word' id='word_1_74' title='bbox 621 1696 851 1744; x_wconf 88' lang='lat' dir='ltr'>philosophia,</span> <span class='ocrx_word' id='word_1_75' title='bbox 875 1699 950 1732; x_wconf 88' lang='lat' dir='ltr'>tum</span> <span class='ocrx_word' id='word_1_76' title='bbox 971 1696 1023 1740; x_wconf 89' lang='lat' dir='ltr'>id,</span> <span class='ocrx_word' id='word_1_77' title='bbox 1061 1697 1144 1744; x_wconf 90' lang='lat' dir='ltr'>quid</span> <span class='ocrx_word' id='word_1_78' title='bbox 1171 1698 1217 1734; x_wconf 87' lang='lat' dir='ltr'>sit</span> <span class='ocrx_word' id='word_1_79' title='bbox 1251 1699 1347 1741; x_wconf 87' lang='lat' dir='ltr'>finis,</span> 
     </span>
     <span class='ocr_line' id='line_1_12' title="bbox 177 1766 1347 1821; baseline 0.001 -12"><span class='ocrx_word' id='word_1_80' title='bbox 177 1766 262 1821; x_wconf 84' lang='lat' dir='ltr'>quid</span> <span class='ocrx_word' id='word_1_81' title='bbox 293 1777 499 1817; x_wconf 79' lang='lat' dir='ltr'>extremum,</span> <span class='ocrx_word' id='word_1_82' title='bbox 524 1773 609 1820; x_wconf 86' lang='lat' dir='ltr'>quid</span> <span class='ocrx_word' id='word_1_83' title='bbox 642 1773 819 1816; x_wconf 88' lang='lat' dir='ltr'>ultimum,</span> <span class='ocrx_word' id='word_1_84' title='bbox 844 1786 912 1819; x_wconf 92' lang='lat' dir='ltr'>quo</span> <span class='ocrx_word' id='word_1_85' title='bbox 942 1775 1013 1809; x_wconf 85' lang='lat' dir='ltr'>sint</span> <span class='ocrx_word' id='word_1_86' title='bbox 1049 1775 1163 1809; x_wconf 87' lang='lat' dir='ltr'>omnia</span> <span class='ocrx_word' id='word_1_87' title='bbox 1185 1775 1270 1810; x_wconf 91' lang='lat' dir='ltr'>bene</span> <span class='ocrx_word' id='word_1_88' title='bbox 1293 1776 1347 1811; x_wconf 91' lang='lat' dir='ltr'>vi-</span> 
     </span>
     <span class='ocr_line' id='line_1_13' title="bbox 176 1833 1345 1896; baseline 0.001 -11"><span class='ocrx_word' id='word_1_89' title='bbox 176 1833 283 1886; x_wconf 72' lang='lat' dir='ltr'>vendi</span> <span class='ocrx_word' id='word_1_90' title='bbox 305 1852 464 1895; x_wconf 88' lang='lat' dir='ltr'>recteque</span> <span class='ocrx_word' id='word_1_91' title='bbox 494 1848 643 1884; x_wconf 83' lang='lat' dir='ltr'>faciendi</span> <span class='ocrx_word' id='word_1_92' title='bbox 669 1848 813 1884; x_wconf 85' lang='lat' dir='ltr'>consilia</span> <span class='ocrx_word' id='word_1_93' title='bbox 841 1848 1035 1884; x_wconf 71' lang='lat' dir='ltr'>referenda}&gt;</span> <span class='ocrx_word' id='word_1_94' title='bbox 1074 1849 1159 1896; x_wconf 89' lang='lat' dir='ltr'>quid</span> <span class='ocrx_word' id='word_1_95' title='bbox 1184 1852 1345 1896; x_wconf 83' lang='lat' dir='ltr'>sequatur</span> 
     </span>
    </p>
   </div>
   <div class='ocr_carea' id='block_1_5' title="bbox 176 1925 1343 1974">
    <p class='ocr_par' dir='ltr' id='par_1_5' title="bbox 176 1925 1343 1974">
     <span class='ocr_line' id='line_1_14' title="bbox 176 1925 1343 1974; baseline 0 -12"><span class='ocrx_word' id='word_1_96' title='bbox 176 1929 300 1963; x_wconf 87' lang='lat' dir='ltr'>natura</span> <span class='ocrx_word' id='word_1_97' title='bbox 324 1939 366 1961; x_wconf 88' lang='lat' dir='ltr'>ex</span> <span class='ocrx_word' id='word_1_98' title='bbox 383 1926 483 1961; x_wconf 89' lang='lat' dir='ltr'>rebus</span> <span class='ocrx_word' id='word_1_99' title='bbox 505 1925 726 1973; x_wconf 79' lang='lat' dir='ltr'>expetendis?</span> <span class='ocrx_word' id='word_1_100' title='bbox 761 1925 845 1972; x_wconf 89' lang='lat' dir='ltr'>quid</span> <span class='ocrx_word' id='word_1_101' title='bbox 863 1926 974 1974; x_wconf 84' lang='lat' dir='ltr'>fugiat</span> <span class='ocrx_word' id='word_1_102' title='bbox 999 1928 1039 1961; x_wconf 90' lang='lat' dir='ltr'>ut</span> <span class='ocrx_word' id='word_1_103' title='bbox 1063 1928 1249 1962; x_wconf 86' lang='lat' dir='ltr'>extremum</span> <span class='ocrx_word' id='word_1_104' title='bbox 1270 1939 1343 1962; x_wconf 84' lang='lat' dir='ltr'>ma-</span> 
     </span>
    </p>
   </div>
   <div class='ocr_carea' id='block_1_6' title="bbox 175 2002 333 2039">
    <p class='ocr_par' dir='ltr' id='par_1_6' title="bbox 175 2002 333 2039">
     <span class='ocr_line' id='line_1_15' title="bbox 175 2002 333 2039; baseline -0.006 0"><span class='ocrx_word' id='word_1_105' title='bbox 175 2004 288 2039; x_wconf 83' lang='lat' dir='ltr'>lorum</span> <span class='ocrx_word' id='word_1_106' title='bbox 295 2002 333 2038; x_wconf 82' lang='lat'>?&#39;&#39;</span> 
     </span>
    </p>
   </div>
   <div class='ocr_carea' id='block_1_7' title="bbox 175 2078 1342 2206">
    <p class='ocr_par' dir='ltr' id='par_1_7' title="bbox 175 2078 1342 2206">
     <span class='ocr_line' id='line_1_16' title="bbox 221 2078 1339 2127; baseline 0 -11"><span class='ocrx_word' id='word_1_107' title='bbox 221 2079 408 2116; x_wconf 87' lang='lat' dir='ltr'>Difficilem</span> <span class='ocrx_word' id='word_1_108' title='bbox 434 2091 505 2114; x_wconf 89' lang='lat' dir='ltr'>esse</span> <span class='ocrx_word' id='word_1_109' title='bbox 537 2078 627 2114; x_wconf 89' lang='lat' dir='ltr'>hanc</span> <span class='ocrx_word' id='word_1_110' title='bbox 652 2079 904 2125; x_wconf 84' lang='lat' dir='ltr'>quaestionem,</span> <span class='ocrx_word' id='word_1_111' title='bbox 930 2079 1053 2115; x_wconf 85' lang='lat' dir='ltr'>docent</span> <span class='ocrx_word' id='word_1_112' title='bbox 1075 2079 1207 2115; x_wconf 87' lang='lat' dir='ltr'>diversa</span> <span class='ocrx_word' id='word_1_113' title='bbox 1227 2079 1339 2127; x_wconf 89' lang='lat' dir='ltr'>philo-</span> 
     </span>
     <span class='ocr_line' id='line_1_17' title="bbox 175 2156 1342 2206; baseline -0.001 -11"><span class='ocrx_word' id='word_1_114' title='bbox 175 2157 358 2206; x_wconf 87' lang='lat' dir='ltr'>sophorum</span> <span class='ocrx_word' id='word_1_115' title='bbox 385 2156 426 2193; x_wconf 89' lang='lat' dir='ltr'>de</span> <span class='ocrx_word' id='word_1_116' title='bbox 446 2156 511 2192; x_wconf 87' lang='lat' dir='ltr'>hoc</span> <span class='ocrx_word' id='word_1_117' title='bbox 529 2159 728 2205; x_wconf 86' lang='lat' dir='ltr'>argumento</span> <span class='ocrx_word' id='word_1_118' title='bbox 751 2157 891 2193; x_wconf 88' lang='lat' dir='ltr'>decreta.</span> <span class='ocrx_word' id='word_1_119' title='bbox 940 2157 1087 2195; x_wconf 83' lang='lat' dir='ltr'>Accedit</span> <span class='ocrx_word' id='word_1_120' title='bbox 1108 2157 1173 2194; x_wconf 80' lang='lat' dir='ltr'>ah&#39;a</span> <span class='ocrx_word' id='word_1_121' title='bbox 1195 2158 1342 2195; x_wconf 87' lang='lat' dir='ltr'>difficul-</span> 
     </span>
    </p>
   </div>
   <div class='ocr_carea' id='block_1_8' title="bbox 173 2234 1340 2281">
    <p class='ocr_par' dir='ltr' id='par_1_8' title="bbox 173 2234 1340 2281">
     <span class='ocr_line' id='line_1_18' title="bbox 173 2234 1340 2281; baseline 0.001 -10"><span class='ocrx_word' id='word_1_122' title='bbox 173 2238 243 2278; x_wconf 86' lang='lat' dir='ltr'>tas,</span> <span class='ocrx_word' id='word_1_123' title='bbox 276 2246 382 2281; x_wconf 90' lang='lat' dir='ltr'>quum</span> <span class='ocrx_word' id='word_1_124' title='bbox 420 2234 466 2277; x_wconf 90' lang='lat' dir='ltr'>ei,</span> <span class='ocrx_word' id='word_1_125' title='bbox 504 2234 563 2280; x_wconf 91' lang='lat' dir='ltr'>qui</span> <span class='ocrx_word' id='word_1_126' title='bbox 607 2234 690 2281; x_wconf 89' lang='lat' dir='ltr'>quid</span> <span class='ocrx_word' id='word_1_127' title='bbox 729 2247 898 2271; x_wconf 82' lang='lat' dir='ltr'>summum</span> <span class='ocrx_word' id='word_1_128' title='bbox 927 2234 1054 2271; x_wconf 91' lang='lat' dir='ltr'>bonum</span> <span class='ocrx_word' id='word_1_129' title='bbox 1088 2235 1135 2271; x_wconf 91' lang='lat' dir='ltr'>sit</span> <span class='ocrx_word' id='word_1_130' title='bbox 1165 2236 1340 2279; x_wconf 81' lang='lat' dir='ltr'>statuerit,</span> 
     </span>
    </p>
   </div>
   <div class='ocr_carea' id='block_1_9' title="bbox 213 2421 592 2456">
    <p class='ocr_par' dir='ltr' id='par_1_9' title="bbox 213 2421 592 2456">
     <span class='ocr_line' id='line_1_19' title="bbox 213 2421 592 2456; baseline -0.008 -7"><span class='ocrx_word' id='word_1_131' title='bbox 213 2423 250 2456; x_wconf 85' lang='lat' dir='ltr'>(l)</span> <span class='ocrx_word' id='word_1_132' title='bbox 272 2421 315 2449; x_wconf 86' lang='lat' dir='ltr'>De</span> <span class='ocrx_word' id='word_1_133' title='bbox 335 2421 453 2447; x_wconf 82' lang='lat' dir='ltr'>Finibus</span> <span class='ocrx_word' id='word_1_134' title='bbox 473 2421 497 2447; x_wconf 76' lang='grc' dir='ltr'>Ι,</span> <span class='ocrx_word' id='word_1_135' title='bbox 520 2429 543 2447; x_wconf 90' lang='lat' dir='ltr'>c.</span> <span class='ocrx_word' id='word_1_136' title='bbox 567 2424 592 2447; x_wconf 86' lang='lat'>4.</span> 
     </span>
    </p>
   </div>
  </div>
 </body>
</html>
