1524 2932
732 268 776 301 52

180 382 236 406 cos
252 371 318 406 sibi
336 372 526 418 pugnantes
547 369 756 417 perstrinxit.
806 369 850 403 In
871 368 996 414 quibus
1008 369 1220 418 eligendiseo
1232 368 1332 406 modo

177 449 328 482 versatus
361 448 427 489 est,
463 448 504 481 ut
541 458 579 481 ea
619 457 704 492 quae
736 442 985 492 pantheismum
1017 445 1186 490 redolent,
1223 449 1258 482 et
1292 458 1330 481 ea

177 534 263 568 quae
287 521 484 565 theismum,
509 520 576 557 sibi
599 521 746 557 invicem
770 520 979 568 opposuerit,
1004 520 1095 556 unde
1119 533 1157 556 ea.
1186 533 1271 568 quae
1293 521 1331 556 in

176 597 281 641 libro,
316 610 415 645 quem
451 597 551 634 nobis
586 596 801 633 tractandum
837 596 1086 644 proposuimus,
1124 596 1188 633 hac
1222 598 1263 634 de
1297 609 1332 634 re

177 674 354 722 leguntur,
375 674 421 710 ad
446 674 514 709 duo
534 673 648 709 referri
673 675 817 721 possunt
840 685 969 722 genera.

720 826 794 871 §L

227 980 366 1026 Neqata
391 979 535 1014 hominis
560 979 732 1021 libertate,
756 979 963 1026 Chrysippus
983 979 1215 1026 «lamponem,
1230 992 1284 1015 eos

274 1056 418 1090 omnium
438 1055 601 1090 malorum
620 1067 693 1090 reos
712 1066 778 1090 non
798 1055 886 1090 satis
909 1055 1026 1101 potuit
1046 1055 1235 1102 defendere.

224 1206 435 1255 Chrysippus
463 1207 532 1255 (1),
569 1206 610 1242 de
642 1206 818 1243 hominum
850 1208 1067 1255 perversitate
1098 1211 1238 1255 questus
1261 1221 1333 1245 om-

176 1295 303 1329 nesque
339 1294 467 1317 summe
502 1281 654 1317 infelices
691 1285 792 1329 atque
827 1283 967 1319 miseros
1003 1295 1074 1319 esse
1110 1284 1333 1328 contendens,

177 1360 268 1396 vitae
303 1358 391 1395 mala
427 1359 542 1407 augeri
578 1371 675 1406 posse
711 1361 900 1408 negaverat.
962 1359 1076 1408 Rogat
1113 1360 1334 1406 Plutarchus,

174 1440 290 1472 utrum
327 1436 409 1471 haec
445 1447 555 1471 rerum
593 1434 746 1470 conditio
782 1447 916 1470 causam
952 1435 1072 1471 habeat
1112 1437 1149 1472 in
1195 1437 1332 1473 deorum

176 1518 327 1568 προνοίᾳ,
349 1530 435 1565 quos
453 1516 664 1564 Chrysippus
681 1528 782 1563 quam
806 1517 932 1564 optime
943 1516 1137 1554 hominibus
1147 1519 1335 1566 prospicere

175 1596 307 1643 saepius
331 1597 516 1630 monuerat.
566 1593 627 1629 Dii
652 1605 730 1629 vero
754 1606 825 1629 non
850 1594 975 1641 optime
1010 1594 1185 1631 hominum
1219 1609 1333 1632 curam

174 1674 313 1721 gerunt,
350 1673 380 1707 si
422 1672 493 1708 vita
529 1683 689 1718 personae
725 1672 833 1707 instar
871 1671 1028 1719 loquens,
1064 1672 1130 1709 hoo
1171 1671 1332 1711 Herculis

176 1754 306 1790 dictum
330 1757 443 1801 posset
472 1765 634 1800 usurpare
660 1754 713 1800 (2)
746 1767 752 1787 :
776 1753 871 1802 Γέμω
911 1756 1018 1789 κακῶν
1060 1752 1122 1803 δὴ,
1162 1751 1191 1790 κ’
1232 1753 1329 1793 οὐκετ’

176 1832 238 1872 ἔσθ’
269 1838 331 1883 ὅπῃ
361 1834 446 1883 τεθῇ.

224 1909 396 1944 Nonnulli
430 1909 718 1957 Pythagoreorum
752 1911 821 1957 (3),
854 1914 895 1946 ut
925 1914 1044 1947 notum
1073 1916 1139 1956 est,
1184 1927 1203 1949 a
1236 1927 1335 1951 carne

177 1985 275 2032 plane
300 1985 559 2028 abstinentium,
584 1985 812 2033 Chrysippum
837 1990 1041 2023 vexaverant
1063 1988 1208 2036 gallinas
1233 1990 1333 2039 galli—

215 2194 255 2228 (1)
277 2192 355 2219 Plut.
376 2192 411 2218 de
431 2191 518 2219 Stoic.
539 2191 670 2226 Repugn.
691 2200 720 2226 p.
747 2194 817 2219 1048
838 2191 873 2219 F.

214 2245 253 2279 (2)
274 2243 348 2271 Sunt
372 2243 454 2271 verba.
476 2242 619 2278 Euripidis
641 2243 669 2270 in
690 2243 811 2271 Hercule
829 2243 948 2278 furente,
971 2253 1014 2272 vs.
1033 2248 1101 2273 1236
1116 2246 1180 2281 (Ed.
1196 2246 1335 2283 Glasguae

176 2294 229 2322 ΑΩ.
257 2295 349 2329 1821).
370 2309 405 2314 -—
424 2293 513 2329 Apud
535 2294 715 2321 Plutarchum
741 2294 774 2321 de
793 2293 999 2322 Communibus
1022 2296 1137 2323 Notitiis
1157 2297 1274 2332 legitur,
1304 2303 1336 2327 ut

175 2355 227 2381 hoc
246 2354 308 2381 loco
332 2363 339 2379 ι
363 2345 439 2379 κὀὺκ
463 2344 520 2379 ἔσθ’
541 2347 613 2379 ’ὅπου
636 2349 711 2392 τεθῇ.
759 2348 843 2380 Conf.
869 2362 941 2388 quae
962 2355 1072 2382 notavit
1096 2355 1281 2385 Hermannus
1299 2358 1334 2385 ad

173 2404 316 2440 Euripidis
338 2404 382 2430 l.l.

213 2456 252 2489 (3)
272 2454 349 2481 Plut.
370 2454 403 2481 de
428 2453 513 2480 Stoic.
538 2453 666 2488 Repugn.
689 2462 717 2488 p.
742 2456 811 2480 1049
828 2453 932 2481 A--D.
