1524 2932
750 216 793 248 55

196 316 292 352 cedat
324 316 590 360 administratio,
626 329 761 353 necesse
785 319 837 352 est
860 329 938 360 nos,
963 319 1044 352 utut
1068 317 1262 359 habeamus,
1296 328 1346 350 se-

196 392 346 428 cundum
382 405 453 430 eam
485 406 555 430 esse
590 395 743 437 affectos,
776 394 848 429 sive
879 396 998 429 contra
1021 396 1172 429 nostram
1194 395 1349 428 naturam

195 469 321 505 morbis
350 471 584 519 corripiamur,
616 471 688 506 sive
714 468 925 513 mutilemur,
958 470 1030 506 sive
1053 471 1265 518 grammatici
1290 470 1349 505 fia-

195 558 270 582 mus
294 559 353 583 seu
376 548 508 584 musici.
558 545 752 583 Secundum
788 545 877 582 hanc
902 546 1067 582 rationem
1098 546 1254 583 similiter
1283 549 1351 582 sta-

196 626 329 661 tuemus
363 625 404 661 de
439 625 568 661 virtute
604 625 720 659 nostra
753 626 786 659 et
821 623 862 659 de
893 624 996 668 vitio,
1027 626 1127 671 atque
1147 624 1286 659 omnino
1312 624 1352 659 de

197 700 339 737 scientia
356 700 410 737 vel
426 699 623 743 inscientia,
646 702 687 735 ut
706 699 807 735 modo
829 699 987 736 diximus.
1021 699 1122 736 Nihil
1140 700 1351 748 singularum

196 788 321 821 rerum,
353 789 397 813 ne
428 776 607 811 minimum
639 775 775 822 quidem
806 777 877 812 fieri
906 779 1017 824 potest
1046 776 1143 813 aliter
1172 790 1273 824 quam
1300 790 1351 813 se-

197 853 348 889 cundum
377 865 587 888 communem
610 855 765 888 naturam
789 855 823 888 et
852 853 923 899 ejus
947 853 1121 888 rationem.
1170 853 1352 890 Communi

197 930 289 965 enim
312 931 435 965 natura
462 929 501 964 in
530 929 643 964 omnia
666 930 877 976 penetrante,
901 940 1035 964 neeesse
1056 930 1120 964 erit
1141 941 1239 965 omne
1263 930 1354 976 quod

198 1008 246 1044 sit
274 1008 312 1043 in
340 1007 500 1043 universo
533 1009 567 1042 et
599 1017 810 1053 quacumque
839 1006 910 1053 ejus
939 1009 1048 1054 parte,
1073 1007 1260 1043 secundum
1284 1020 1354 1043 eam

198 1083 271 1119 fieri
296 1083 434 1131 ejusque
457 1083 637 1126 rationem,
662 1095 701 1118 ac
727 1082 883 1130 deinceps
903 1083 1080 1130 procedere
1100 1084 1173 1119 sine
1194 1083 1265 1119 ullo
1289 1084 1353 1120 im-

197 1160 390 1209 pedimento
418 1174 425 1196 :
450 1173 554 1207 quum
590 1159 678 1195 nihil
714 1160 796 1195 foris
830 1160 891 1203 sit,
928 1160 1021 1206 quod
1053 1160 1215 1207 impedire
1246 1162 1354 1208 possit

198 1236 539 1280 administrationem,
563 1248 672 1283 neque
691 1247 767 1283 pars
791 1235 862 1271 ulla
886 1236 1012 1272 moveri
1034 1236 1131 1272 aliter
1152 1239 1212 1272 aut
1236 1236 1355 1273 habere

199 1326 237 1351 se
261 1313 358 1350 aliter
382 1316 482 1361 queat
506 1326 607 1360 quam
632 1312 817 1349 secundum
843 1325 1053 1348 communem
1077 1317 1262 1349 naturam.''

247 1389 355 1425 Vides
387 1389 515 1432 omnia,
547 1401 591 1424 ne
615 1389 743 1424 virtute
763 1391 797 1424 et
827 1389 922 1425 vitiis
947 1388 1083 1435 quidem
1108 1389 1271 1437 exceptis,
1296 1402 1355 1426 ne-

200 1466 366 1509 cessitati,
402 1466 572 1500 communi
601 1468 756 1508 naturae,
789 1466 939 1501 universi
972 1467 1096 1500 rationi
1122 1479 1140 1500 a
1165 1465 1355 1513 Chrysippo

199 1541 378 1589 subjungi,
415 1553 498 1587 quas
531 1553 572 1576 ex
605 1540 699 1576 ilh'us
737 1542 905 1577 sententia
941 1554 961 1577 a
994 1541 1081 1577 Jove
1117 1554 1187 1577 non
1225 1541 1357 1579 differre

199 1616 404 1653 Plutarchus
427 1619 588 1662 tanquam
609 1616 766 1652 omnibus
790 1619 910 1652 notum
931 1620 1054 1652 monet.
1105 1617 1155 1652 Ut
1176 1629 1273 1652 omne
1292 1617 1354 1652 du-

200 1694 295 1730 bium
319 1695 501 1736 removeat,
527 1692 656 1728 dictum
681 1692 777 1728 addit
801 1691 983 1740 Chrysippi
1003 1706 1009 1727 :

540 1850 637 1890 κιΔιός
666 1846 698 1885 δ’
730 1850 874 1886 ἐτελείετο
902 1847 1023 1897 βουλή”

201 2007 253 2044 τὸν
278 2002 424 2057 Όμηρον
450 2007 604 2056 εἰρηκέναι
632 2006 748 2057 ὀρθῶς,
776 2006 829 2043 ἐπὶ
859 2008 916 2047 τὴν
944 2008 1137 2057 εἱμαρμένην
1162 2009 1358 2059 ἀναφέροντα

203 2088 257 2126 καὶ
310 2089 367 2128 τὴν
423 2091 487 2124 τῶν
538 2088 618 2124 ὅλων
660 2089 771 2138 φύσιν,
820 2085 890 2124 καθ’
938 2090 976 2129 ἣν
1022 2093 1128 2126 πάντα
1175 2088 1355 2128 διοικεῖται.

203 2168 306 2209 Quod
334 2181 404 2204 non
436 2169 576 2204 mirum!
629 2167 699 2203 Ubi
734 2168 824 2203 enim
848 2168 977 2211 omnia,
1009 2180 1237 2215 quaecumque
1261 2172 1358 2212 sunt,

203 2244 396 2283 necessitati
418 2256 457 2279 ac
477 2245 548 2280 fato
569 2243 840 2292 subjunguntur,
865 2243 981 2279 nullus
1003 2243 1098 2279 locus
1111 2245 1276 2292 supererit
1297 2245 1358 2280 ali-

204 2323 259 2358 cui
295 2322 370 2366 deo,
395 2322 464 2358 nisi
489 2334 564 2358 eum
600 2324 657 2357 aut
683 2321 875 2357 necessitati
902 2321 1065 2368 subjicere
1097 2324 1154 2357 aut
1185 2335 1261 2357 cum
1289 2324 1358 2357 fato

203 2402 389 2445 permutare
409 2398 501 2434 velis.
