<?xml version="1.0" encoding="UTF-8"?>
<!DOCTYPE html PUBLIC "-//W3C//DTD XHTML 1.0 Transitional//EN"
    "http://www.w3.org/TR/xhtml1/DTD/xhtml1-transitional.dtd">
<html xmlns="http://www.w3.org/1999/xhtml" xml:lang="en" lang="en">
 <head>
  <title>
</title>
<meta http-equiv="Content-Type" content="text/html;charset=utf-8" />
  <meta name='ocr-system' content='tesseract 3.04.00' />
  <meta name='ocr-capabilities' content='ocr_page ocr_carea ocr_par ocr_line ocrx_word'/>
</head>
<body>
  <div class='ocr_page' id='page_1' title='image "4737228_0092.png"; bbox 0 0 1524 2932; ppageno 0'>
   <div class='ocr_carea' id='block_1_1' title="bbox 762 168 806 201">
    <p class='ocr_par' dir='ltr' id='par_1_1' title="bbox 762 168 806 201">
     <span class='ocr_line' id='line_1_1' title="bbox 762 168 806 201; baseline 0 0"><span class='ocrx_word' id='word_1_1' title='bbox 762 168 806 201; x_wconf 77' lang='lat'>72</span> 
     </span>
    </p>
   </div>
   <div class='ocr_carea' id='block_1_2' title="bbox 194 269 1384 1863">
    <p class='ocr_par' dir='ltr' id='par_1_2' title="bbox 204 269 1367 395">
     <span class='ocr_line' id='line_1_2' title="bbox 206 269 1367 318; baseline -0.002 -12"><span class='ocrx_word' id='word_1_2' title='bbox 206 271 400 316; x_wconf 83' lang='lat' dir='ltr'>Stoicorum</span> <span class='ocrx_word' id='word_1_3' title='bbox 427 284 432 305; x_wconf 92' lang='lat'>:</span> <span class='ocrx_word' id='word_1_4' title='bbox 458 282 563 318; x_wconf 78' lang='lat' dir='ltr'>neque</span> <span class='ocrx_word' id='word_1_5' title='bbox 579 270 702 305; x_wconf 81' lang='lat' dir='ltr'>vitium</span> <span class='ocrx_word' id='word_1_6' title='bbox 718 269 804 305; x_wconf 75' lang='lat' dir='ltr'>vitio</span> <span class='ocrx_word' id='word_1_7' title='bbox 832 270 944 316; x_wconf 66' lang='lat' dir='ltr'>majus</span> <span class='ocrx_word' id='word_1_8' title='bbox 965 281 1051 312; x_wconf 68' lang='lat' dir='ltr'>ease,</span> <span class='ocrx_word' id='word_1_9' title='bbox 1075 281 1181 317; x_wconf 76' lang='lat' dir='ltr'>neque</span> <span class='ocrx_word' id='word_1_10' title='bbox 1209 269 1367 305; x_wconf 75' lang='lat' dir='ltr'>virtutem</span> 
     </span>
     <span class='ocr_line' id='line_1_3' title="bbox 204 346 1137 395; baseline -0.003 -12"><span class='ocrx_word' id='word_1_11' title='bbox 204 348 329 383; x_wconf 73' lang='lat' dir='ltr'>virtuti</span> <span class='ocrx_word' id='word_1_12' title='bbox 354 359 459 395; x_wconf 78' lang='lat' dir='ltr'>neque</span> <span class='ocrx_word' id='word_1_13' title='bbox 475 347 712 394; x_wconf 72' lang='lat' dir='ltr'>rectefactum</span> <span class='ocrx_word' id='word_1_14' title='bbox 728 349 817 381; x_wconf 76' lang='lat' dir='ltr'>recte</span> <span class='ocrx_word' id='word_1_15' title='bbox 826 346 934 393; x_wconf 77' lang='lat' dir='ltr'>facto</span> <span class='ocrx_word' id='word_1_16' title='bbox 949 348 1137 393; x_wconf 77' lang='lat' dir='ltr'>praestare.</span> 
     </span>
    </p>

    <p class='ocr_par' dir='ltr' id='par_1_3' title="bbox 195 422 1384 1161">
     <span class='ocr_line' id='line_1_4' title="bbox 254 422 1369 473; baseline -0.003 -13"><span class='ocrx_word' id='word_1_17' title='bbox 254 424 343 460; x_wconf 90' lang='lat' dir='ltr'>Cum</span> <span class='ocrx_word' id='word_1_18' title='bbox 360 424 455 460; x_wconf 86' lang='lat' dir='ltr'>hisce</span> <span class='ocrx_word' id='word_1_19' title='bbox 466 423 625 460; x_wconf 88' lang='lat' dir='ltr'>omnibus</span> <span class='ocrx_word' id='word_1_20' title='bbox 638 422 732 459; x_wconf 88' lang='lat' dir='ltr'>aliud</span> <span class='ocrx_word' id='word_1_21' title='bbox 745 422 929 473; x_wconf 74' lang='lat' dir='ltr'>Chrysippi</span> <span class='ocrx_word' id='word_1_22' title='bbox 949 422 1080 458; x_wconf 89' lang='lat' dir='ltr'>dictum</span> <span class='ocrx_word' id='word_1_23' title='bbox 1091 434 1244 470; x_wconf 87' lang='lat' dir='ltr'>pugnare</span> <span class='ocrx_word' id='word_1_24' title='bbox 1255 424 1369 470; x_wconf 87' lang='lat' dir='ltr'>putat,</span> 
     </span>
     <span class='ocr_line' id='line_1_5' title="bbox 200 499 1365 549; baseline -0.002 -12"><span class='ocrx_word' id='word_1_25' title='bbox 200 514 321 549; x_wconf 87' lang='lat' dir='ltr'>nempe</span> <span class='ocrx_word' id='word_1_26' title='bbox 343 501 410 537; x_wconf 87' lang='lat' dir='ltr'>hoc</span> <span class='ocrx_word' id='word_1_27' title='bbox 437 502 489 549; x_wconf 88' lang='lat'>(1)</span> <span class='ocrx_word' id='word_1_28' title='bbox 518 515 525 537; x_wconf 89' lang='lat'>:</span> <span class='ocrx_word' id='word_1_29' title='bbox 551 501 731 537; x_wconf 83' lang='lat' dir='ltr'>Justitiam</span> <span class='ocrx_word' id='word_1_30' title='bbox 752 500 878 537; x_wconf 85' lang='lat' dir='ltr'>salvam</span> <span class='ocrx_word' id='word_1_31' title='bbox 891 512 989 548; x_wconf 86' lang='lat' dir='ltr'>posse</span> <span class='ocrx_word' id='word_1_32' title='bbox 1009 499 1165 543; x_wconf 85' lang='lat' dir='ltr'>retineri,</span> <span class='ocrx_word' id='word_1_33' title='bbox 1189 499 1365 547; x_wconf 82' lang='lat' dir='ltr'>voluptate</span> 
     </span>
     <span class='ocr_line' id='line_1_6' title="bbox 199 579 1367 628; baseline -0.003 -9"><span class='ocrx_word' id='word_1_34' title='bbox 199 583 291 619; x_wconf 86' lang='lat' dir='ltr'>inter</span> <span class='ocrx_word' id='word_1_35' title='bbox 316 583 405 619; x_wconf 89' lang='lat' dir='ltr'>bona</span> <span class='ocrx_word' id='word_1_36' title='bbox 433 584 624 626; x_wconf 44' lang='lat' dir='ltr'>numerat&amp;</span> <span class='ocrx_word' id='word_1_37' title='bbox 650 582 788 618; x_wconf 87' lang='lat' dir='ltr'>eandem</span> <span class='ocrx_word' id='word_1_38' title='bbox 813 594 892 618; x_wconf 89' lang='lat' dir='ltr'>vero</span> <span class='ocrx_word' id='word_1_39' title='bbox 925 581 1018 625; x_wconf 75' lang='lat' dir='ltr'>tolli,</span> <span class='ocrx_word' id='word_1_40' title='bbox 1044 582 1074 617; x_wconf 88' lang='lat' dir='ltr'>si</span> <span class='ocrx_word' id='word_1_41' title='bbox 1099 581 1256 628; x_wconf 90' lang='lat' dir='ltr'>voluptas</span> <span class='ocrx_word' id='word_1_42' title='bbox 1281 579 1367 621; x_wconf 85' lang='grc' dir='ltr'><strong>τέλος</strong></span> 
     </span>
     <span class='ocr_line' id='line_1_7' title="bbox 196 656 1365 703; baseline -0.002 -10"><span class='ocrx_word' id='word_1_43' title='bbox 196 671 267 694; x_wconf 89' lang='lat' dir='ltr'>esse</span> <span class='ocrx_word' id='word_1_44' title='bbox 292 659 435 693; x_wconf 89' lang='lat' dir='ltr'>dicatur.</span> <span class='ocrx_word' id='word_1_45' title='bbox 488 658 549 693; x_wconf 75' lang='lat' dir='ltr'>uSi</span> <span class='ocrx_word' id='word_1_46' title='bbox 582 658 620 692; x_wconf 89' lang='lat' dir='ltr'>id</span> <span class='ocrx_word' id='word_1_47' title='bbox 644 660 779 693; x_wconf 85' lang='lat' dir='ltr'>tantum</span> <span class='ocrx_word' id='word_1_48' title='bbox 812 657 939 692; x_wconf 89' lang='lat' dir='ltr'>bonum</span> <span class='ocrx_word' id='word_1_49' title='bbox 965 660 1052 700; x_wconf 87' lang='lat' dir='ltr'>est,&#39;&#39;</span> <span class='ocrx_word' id='word_1_50' title='bbox 1087 657 1203 703; x_wconf 79' lang='lat' dir='ltr'>inquit</span> <span class='ocrx_word' id='word_1_51' title='bbox 1227 656 1365 692; x_wconf 88' lang='lat' dir='ltr'>Plutar-</span> 
     </span>
     <span class='ocr_line' id='line_1_8' title="bbox 202 732 1366 781; baseline 0.001 -14"><span class='ocrx_word' id='word_1_52' title='bbox 202 732 287 773; x_wconf 84' lang='lat' dir='ltr'><strong>chus</strong></span> <span class='ocrx_word' id='word_1_53' title='bbox 311 733 384 781; x_wconf 76' lang='lat'>(2),</span> <span class='ocrx_word' id='word_1_54' title='bbox 412 732 526 780; x_wconf 78' lang='lat' dir='ltr'>nquod</span> <span class='ocrx_word' id='word_1_55' title='bbox 556 732 736 768; x_wconf 86' lang='lat' dir='ltr'>honestum</span> <span class='ocrx_word' id='word_1_56' title='bbox 760 745 799 768; x_wconf 89' lang='lat' dir='ltr'>ac</span> <span class='ocrx_word' id='word_1_57' title='bbox 825 735 944 780; x_wconf 88' lang='lat' dir='ltr'>suapte</span> <span class='ocrx_word' id='word_1_58' title='bbox 963 735 1086 768; x_wconf 86' lang='lat' dir='ltr'>natura</span> <span class='ocrx_word' id='word_1_59' title='bbox 1109 732 1279 768; x_wconf 85' lang='lat' dir='ltr'>laudabile</span> <span class='ocrx_word' id='word_1_60' title='bbox 1303 733 1366 776; x_wconf 81' lang='lat' dir='ltr'>sit3</span> 
     </span>
     <span class='ocr_line' id='line_1_9' title="bbox 198 809 1365 858; baseline 0 -13"><span class='ocrx_word' id='word_1_61' title='bbox 198 813 316 857; x_wconf 84' lang='lat' dir='ltr'>peccat</span> <span class='ocrx_word' id='word_1_62' title='bbox 349 811 409 856; x_wconf 88' lang='lat' dir='ltr'>qui</span> <span class='ocrx_word' id='word_1_63' title='bbox 447 810 656 857; x_wconf 87' lang='lat' dir='ltr'>voluptatem</span> <span class='ocrx_word' id='word_1_64' title='bbox 685 810 813 846; x_wconf 92' lang='lat' dir='ltr'>bonum</span> <span class='ocrx_word' id='word_1_65' title='bbox 843 809 1004 858; x_wconf 88' lang='lat' dir='ltr'>appeHat,</span> <span class='ocrx_word' id='word_1_66' title='bbox 1037 811 1152 845; x_wconf 89' lang='lat' dir='ltr'>minus</span> <span class='ocrx_word' id='word_1_67' title='bbox 1180 813 1294 845; x_wconf 88' lang='lat' dir='ltr'>tamen</span> <span class='ocrx_word' id='word_1_68' title='bbox 1326 822 1365 845; x_wconf 90' lang='lat' dir='ltr'>eo</span> 
     </span>
     <span class='ocr_line' id='line_1_10' title="bbox 197 884 1364 934; baseline -0.001 -13"><span class='ocrx_word' id='word_1_69' title='bbox 197 888 331 934; x_wconf 86' lang='lat' dir='ltr'>peccat,</span> <span class='ocrx_word' id='word_1_70' title='bbox 364 886 424 932; x_wconf 87' lang='lat' dir='ltr'>qui</span> <span class='ocrx_word' id='word_1_71' title='bbox 455 886 556 921; x_wconf 89' lang='lat' dir='ltr'>etiam</span> <span class='ocrx_word' id='word_1_72' title='bbox 590 886 692 921; x_wconf 89' lang='lat' dir='ltr'><strong>finem</strong></span> <span class='ocrx_word' id='word_1_73' title='bbox 721 886 759 921; x_wconf 90' lang='lat' dir='ltr'>in</span> <span class='ocrx_word' id='word_1_74' title='bbox 794 898 832 921; x_wconf 86' lang='lat' dir='ltr'>ea</span> <span class='ocrx_word' id='word_1_75' title='bbox 856 887 995 929; x_wconf 81' lang='lat' dir='ltr'>statuit,</span> <span class='ocrx_word' id='word_1_76' title='bbox 1020 897 1126 932; x_wconf 92' lang='lat' dir='ltr'>quum</span> <span class='ocrx_word' id='word_1_77' title='bbox 1154 884 1212 921; x_wconf 85' lang='lat' dir='ltr'>hic</span> <span class='ocrx_word' id='word_1_78' title='bbox 1229 885 1364 932; x_wconf 87' lang='lat' dir='ltr'>justiti-</span> 
     </span>
     <span class='ocr_line' id='line_1_11' title="bbox 198 961 1384 1012; baseline 0 -16"><span class='ocrx_word' id='word_1_79' title='bbox 198 974 252 996; x_wconf 88' lang='lat' dir='ltr'>am</span> <span class='ocrx_word' id='word_1_80' title='bbox 282 961 429 1004; x_wconf 76' lang='lat' dir='ltr'>aboleat,</span> <span class='ocrx_word' id='word_1_81' title='bbox 465 961 525 996; x_wconf 87' lang='lat' dir='ltr'>ille</span> <span class='ocrx_word' id='word_1_82' title='bbox 549 964 675 1004; x_wconf 89' lang='lat' dir='ltr'>servet,</span> <span class='ocrx_word' id='word_1_83' title='bbox 711 961 815 1008; x_wconf 84' lang='lat' dir='ltr'>hujus</span> <span class='ocrx_word' id='word_1_84' title='bbox 846 962 1014 997; x_wconf 90' lang='lat' dir='ltr'>sententia</span> <span class='ocrx_word' id='word_1_85' title='bbox 1051 962 1245 997; x_wconf 89' lang='lat' dir='ltr'>societatem</span> <span class='ocrx_word' id='word_1_86' title='bbox 1274 961 1384 1012; x_wconf 64' lang='lat' dir='ltr'>vitae&gt;</span> 
     </span>
     <span class='ocr_line' id='line_1_12' title="bbox 197 1036 1364 1078; baseline 0.001 -6"><span class='ocrx_word' id='word_1_87' title='bbox 197 1036 363 1073; x_wconf 86' lang='lat' dir='ltr'>humanae</span> <span class='ocrx_word' id='word_1_88' title='bbox 388 1039 532 1078; x_wconf 86' lang='lat' dir='ltr'>evertat,</span> <span class='ocrx_word' id='word_1_89' title='bbox 556 1037 615 1072; x_wconf 87' lang='lat' dir='ltr'>ille</span> <span class='ocrx_word' id='word_1_90' title='bbox 648 1037 796 1073; x_wconf 87' lang='lat' dir='ltr'>bonitati</span> <span class='ocrx_word' id='word_1_91' title='bbox 821 1040 855 1072; x_wconf 90' lang='lat' dir='ltr'>et</span> <span class='ocrx_word' id='word_1_92' title='bbox 884 1038 1091 1073; x_wconf 77' lang='lat' dir='ltr'><strong>humanitati</strong></span> <span class='ocrx_word' id='word_1_93' title='bbox 1123 1037 1237 1073; x_wconf 88' lang='lat' dir='ltr'>locum</span> <span class='ocrx_word' id='word_1_94' title='bbox 1261 1037 1364 1073; x_wconf 85' lang='lat' dir='ltr'>relin-</span> 
     </span>
     <span class='ocr_line' id='line_1_13' title="bbox 195 1117 307 1161; baseline 0 -12"><span class='ocrx_word' id='word_1_95' title='bbox 195 1117 307 1161; x_wconf 81' lang='lat' dir='ltr'>quat.”</span> 
     </span>
    </p>

    <p class='ocr_par' dir='ltr' id='par_1_4' title="bbox 194 1190 1363 1609">
     <span class='ocr_line' id='line_1_14' title="bbox 247 1190 1362 1235; baseline 0.002 -10"><span class='ocrx_word' id='word_1_96' title='bbox 247 1190 344 1225; x_wconf 87' lang='lat' dir='ltr'>Haec</span> <span class='ocrx_word' id='word_1_97' title='bbox 378 1191 492 1226; x_wconf 88' lang='lat' dir='ltr'>omnia</span> <span class='ocrx_word' id='word_1_98' title='bbox 525 1190 744 1226; x_wconf 85' lang='lat' dir='ltr'>concedenda</span> <span class='ocrx_word' id='word_1_99' title='bbox 776 1193 874 1234; x_wconf 88' lang='lat' dir='ltr'>sunt;</span> <span class='ocrx_word' id='word_1_100' title='bbox 913 1191 990 1234; x_wconf 89' lang='lat' dir='ltr'>sed,</span> <span class='ocrx_word' id='word_1_101' title='bbox 1016 1191 1113 1235; x_wconf 87' lang='lat' dir='ltr'>cedo,</span> <span class='ocrx_word' id='word_1_102' title='bbox 1147 1191 1286 1227; x_wconf 82' lang='lat' dir='ltr'>ubinam</span> <span class='ocrx_word' id='word_1_103' title='bbox 1310 1203 1362 1227; x_wconf 89' lang='lat' dir='ltr'>re-</span> 
     </span>
     <span class='ocr_line' id='line_1_15' title="bbox 196 1266 1363 1315; baseline 0.001 -14"><span class='ocrx_word' id='word_1_104' title='bbox 196 1267 387 1315; x_wconf 80' lang='lat' dir='ltr'>pugnantia</span> <span class='ocrx_word' id='word_1_105' title='bbox 420 1266 537 1302; x_wconf 76' lang='lat' dir='ltr'>adest?</span> <span class='ocrx_word' id='word_1_106' title='bbox 597 1266 804 1303; x_wconf 78' lang='lat' dir='ltr'>Plutarchus</span> <span class='ocrx_word' id='word_1_107' title='bbox 836 1266 1041 1303; x_wconf 89' lang='lat' dir='ltr'>celebratum</span> <span class='ocrx_word' id='word_1_108' title='bbox 1073 1266 1139 1302; x_wconf 87' lang='lat' dir='ltr'>hoc</span> <span class='ocrx_word' id='word_1_109' title='bbox 1168 1267 1363 1315; x_wconf 84' lang='lat' dir='ltr'>paradoxon</span> 
     </span>
     <span class='ocr_line' id='line_1_16' title="bbox 195 1343 1362 1394; baseline 0.001 -16"><span class='ocrx_word' id='word_1_110' title='bbox 195 1356 267 1378; x_wconf 91' lang='lat' dir='ltr'>non</span> <span class='ocrx_word' id='word_1_111' title='bbox 288 1355 306 1377; x_wconf 89' lang='lat' dir='ltr'>e</span> <span class='ocrx_word' id='word_1_112' title='bbox 328 1343 537 1385; x_wconf 83' lang='lat' dir='ltr'>Stoicorum,</span> <span class='ocrx_word' id='word_1_113' title='bbox 563 1343 621 1378; x_wconf 89' lang='lat' dir='ltr'>sed</span> <span class='ocrx_word' id='word_1_114' title='bbox 639 1356 681 1378; x_wconf 83' lang='lat' dir='ltr'>ex</span> <span class='ocrx_word' id='word_1_115' title='bbox 703 1356 764 1378; x_wconf 89' lang='lat' dir='ltr'>sua</span> <span class='ocrx_word' id='word_1_116' title='bbox 783 1343 892 1390; x_wconf 88' lang='lat' dir='ltr'>ipsius</span> <span class='ocrx_word' id='word_1_117' title='bbox 916 1346 1029 1378; x_wconf 86' lang='lat' dir='ltr'>mente</span> <span class='ocrx_word' id='word_1_118' title='bbox 1051 1344 1296 1394; x_wconf 78' lang='lat' dir='ltr'>interpretanS,</span> <span class='ocrx_word' id='word_1_119' title='bbox 1309 1344 1362 1379; x_wconf 89' lang='lat' dir='ltr'>di-</span> 
     </span>
     <span class='ocr_line' id='line_1_17' title="bbox 194 1418 1360 1468; baseline 0.002 -14"><span class='ocrx_word' id='word_1_120' title='bbox 194 1419 387 1454; x_wconf 88' lang='lat' dir='ltr'>versitatem</span> <span class='ocrx_word' id='word_1_121' title='bbox 412 1418 506 1454; x_wconf 89' lang='lat' dir='ltr'>illam</span> <span class='ocrx_word' id='word_1_122' title='bbox 531 1421 746 1466; x_wconf 85' lang='lat' dir='ltr'>peccatorum</span> <span class='ocrx_word' id='word_1_123' title='bbox 773 1432 851 1455; x_wconf 92' lang='lat' dir='ltr'>cum</span> <span class='ocrx_word' id='word_1_124' title='bbox 871 1418 937 1455; x_wconf 90' lang='lat' dir='ltr'>hoc</span> <span class='ocrx_word' id='word_1_125' title='bbox 957 1432 1028 1455; x_wconf 93' lang='lat' dir='ltr'>non</span> <span class='ocrx_word' id='word_1_126' title='bbox 1054 1421 1232 1456; x_wconf 84' lang='lat' dir='ltr'>concinere</span> <span class='ocrx_word' id='word_1_127' title='bbox 1251 1423 1360 1468; x_wconf 90' lang='lat' dir='ltr'>putat.</span> 
     </span>
     <span class='ocr_line' id='line_1_18' title="bbox 194 1495 1360 1545; baseline 0.003 -15"><span class='ocrx_word' id='word_1_128' title='bbox 194 1496 239 1531; x_wconf 89' lang='lat' dir='ltr'>In</span> <span class='ocrx_word' id='word_1_129' title='bbox 265 1508 332 1542; x_wconf 91' lang='lat' dir='ltr'>quo</span> <span class='ocrx_word' id='word_1_130' title='bbox 358 1508 434 1530; x_wconf 91' lang='lat' dir='ltr'>eum</span> <span class='ocrx_word' id='word_1_131' title='bbox 459 1496 573 1531; x_wconf 82' lang='lat' dir='ltr'>minus</span> <span class='ocrx_word' id='word_1_132' title='bbox 598 1498 689 1531; x_wconf 88' lang='lat' dir='ltr'>recte</span> <span class='ocrx_word' id='word_1_133' title='bbox 713 1495 900 1543; x_wconf 82' lang='lat' dir='ltr'>judicasse,</span> <span class='ocrx_word' id='word_1_134' title='bbox 926 1509 997 1532; x_wconf 92' lang='lat' dir='ltr'>non</span> <span class='ocrx_word' id='word_1_135' title='bbox 1018 1509 1103 1545; x_wconf 88' lang='lat' dir='ltr'>opus</span> <span class='ocrx_word' id='word_1_136' title='bbox 1133 1499 1184 1533; x_wconf 88' lang='lat' dir='ltr'>est</span> <span class='ocrx_word' id='word_1_137' title='bbox 1205 1497 1360 1545; x_wconf 88' lang='lat' dir='ltr'>pluribus</span> 
     </span>
     <span class='ocr_line' id='line_1_19' title="bbox 194 1572 607 1609; baseline 0 -1"><span class='ocrx_word' id='word_1_138' title='bbox 194 1572 306 1609; x_wconf 86' lang='lat' dir='ltr'>verbis</span> <span class='ocrx_word' id='word_1_139' title='bbox 332 1572 607 1608; x_wconf 80' lang='lat' dir='ltr'>demonstremus.</span> 
     </span>
    </p>

    <p class='ocr_par' dir='ltr' id='par_1_5' title="bbox 194 1651 1363 1863">
     <span class='ocr_line' id='line_1_20' title="bbox 242 1651 1360 1705; baseline 0 -14"><span class='ocrx_word' id='word_1_140' title='bbox 242 1656 404 1703; x_wconf 88' lang='lat' dir='ltr'>Sequitur</span> <span class='ocrx_word' id='word_1_141' title='bbox 425 1655 609 1703; x_wconf 85' lang='lat' dir='ltr'>Chrysippi</span> <span class='ocrx_word' id='word_1_142' title='bbox 631 1656 851 1691; x_wconf 87' lang='lat' dir='ltr'>enunciatum</span> <span class='ocrx_word' id='word_1_143' title='bbox 875 1651 1025 1697; x_wconf 68' lang='grc' dir='ltr'><em>αὔξεσθαι</em></span> <span class='ocrx_word' id='word_1_144' title='bbox 1060 1655 1118 1696; x_wconf 85' lang='grc' dir='ltr'>τὰς</span> <span class='ocrx_word' id='word_1_145' title='bbox 1161 1656 1277 1705; x_wconf 78' lang='grc' dir='ltr'><em>ἀρετὰς</em></span> <span class='ocrx_word' id='word_1_146' title='bbox 1306 1655 1360 1691; x_wconf 84' lang='grc' dir='ltr'>καὶ</span> 
     </span>
     <span class='ocr_line' id='line_1_21' title="bbox 194 1736 1363 1786; baseline 0.001 -12"><span class='ocrx_word' id='word_1_147' title='bbox 194 1736 394 1786; x_wconf 74' lang='grc' dir='ltr'><em>διαβαίνειν,</em></span> <span class='ocrx_word' id='word_1_148' title='bbox 425 1738 517 1785; x_wconf 87' lang='lat' dir='ltr'>quod</span> <span class='ocrx_word' id='word_1_149' title='bbox 549 1737 772 1781; x_wconf 84' lang='lat' dir='ltr'>Plutarchus,</span> <span class='ocrx_word' id='word_1_150' title='bbox 796 1737 878 1773; x_wconf 90' lang='lat' dir='ltr'>licet</span> <span class='ocrx_word' id='word_1_151' title='bbox 911 1738 1104 1774; x_wconf 85' lang='lat' dir='ltr'>humaniter</span> <span class='ocrx_word' id='word_1_152' title='bbox 1137 1738 1229 1775; x_wconf 76' lang='lat' dir='ltr'>djoat</span> <span class='ocrx_word' id='word_1_153' title='bbox 1262 1751 1297 1774; x_wconf 90' lang='lat' dir='ltr'>se</span> <span class='ocrx_word' id='word_1_154' title='bbox 1325 1739 1363 1775; x_wconf 91' lang='lat' dir='ltr'>id</span> 
     </span>
     <span class='ocr_line' id='line_1_22' title="bbox 196 1815 1362 1863; baseline 0.003 -13"><span class='ocrx_word' id='word_1_155' title='bbox 196 1816 367 1858; x_wconf 86' lang='lat' dir='ltr'>omittere,</span> <span class='ocrx_word' id='word_1_156' title='bbox 401 1828 445 1850; x_wconf 87' lang='lat' dir='ltr'>ne</span> <span class='ocrx_word' id='word_1_157' title='bbox 481 1815 646 1850; x_wconf 88' lang='lat' dir='ltr'>vocabula</span> <span class='ocrx_word' id='word_1_158' title='bbox 679 1827 812 1862; x_wconf 86' lang='lat' dir='ltr'>carpere</span> <span class='ocrx_word' id='word_1_159' title='bbox 845 1815 1015 1858; x_wconf 88' lang='lat' dir='ltr'>videatur,</span> <span class='ocrx_word' id='word_1_160' title='bbox 1050 1828 1127 1851; x_wconf 91' lang='lat' dir='ltr'>cum</span> <span class='ocrx_word' id='word_1_161' title='bbox 1161 1816 1362 1863; x_wconf 82' lang='lat' dir='ltr'>aequalitate</span> 
     </span>
    </p>
   </div>
   <div class='ocr_carea' id='block_1_3' title="bbox 194 1892 1359 1939">
    <p class='ocr_par' dir='ltr' id='par_1_6' title="bbox 194 1892 1359 1939">
     <span class='ocr_line' id='line_1_23' title="bbox 194 1892 1359 1939; baseline 0.003 -11"><span class='ocrx_word' id='word_1_162' title='bbox 194 1893 365 1928; x_wconf 89' lang='lat' dir='ltr'>virtutum</span> <span class='ocrx_word' id='word_1_163' title='bbox 399 1904 551 1939; x_wconf 87' lang='lat' dir='ltr'>pugnare</span> <span class='ocrx_word' id='word_1_164' title='bbox 580 1895 688 1939; x_wconf 91' lang='lat' dir='ltr'>putat.</span> <span class='ocrx_word' id='word_1_165' title='bbox 759 1892 940 1939; x_wconf 85' lang='lat' dir='ltr'>Explicare</span> <span class='ocrx_word' id='word_1_166' title='bbox 967 1893 1109 1929; x_wconf 77' lang='lat' dir='ltr'>fortasse</span> <span class='ocrx_word' id='word_1_167' title='bbox 1141 1895 1359 1931; x_wconf 88' lang='lat' dir='ltr'>enunciatum</span> 
     </span>
    </p>
   </div>
   <div class='ocr_carea' id='block_1_4' title="bbox 231 2098 1359 2137">
    <p class='ocr_par' dir='ltr' id='par_1_7' title="bbox 231 2098 1359 2137">
     <span class='ocr_line' id='line_1_24' title="bbox 231 2098 1359 2137; baseline 0.003 -11"><span class='ocrx_word' id='word_1_168' title='bbox 231 2100 270 2134; x_wconf 91' lang='lat' dir='ltr'>(l)</span> <span class='ocrx_word' id='word_1_169' title='bbox 292 2098 444 2126; x_wconf 82' lang='lat' dir='ltr'>Diibnerus</span> <span class='ocrx_word' id='word_1_170' title='bbox 478 2099 507 2126; x_wconf 81' lang='lat' dir='ltr'>h.</span> <span class='ocrx_word' id='word_1_171' title='bbox 538 2099 577 2131; x_wconf 87' lang='lat'>1.‚</span> <span class='ocrx_word' id='word_1_172' title='bbox 608 2103 639 2125; x_wconf 82' lang='lat' dir='ltr'>ut</span> <span class='ocrx_word' id='word_1_173' title='bbox 667 2102 694 2125; x_wconf 81' lang='lat' dir='ltr'>et</span> <span class='ocrx_word' id='word_1_174' title='bbox 725 2107 752 2133; x_wconf 89' lang='lat' dir='ltr'>p.</span> <span class='ocrx_word' id='word_1_175' title='bbox 781 2101 850 2125; x_wconf 82' lang='lat'>1040</span> <span class='ocrx_word' id='word_1_176' title='bbox 868 2098 907 2126; x_wconf 91' lang='lat' dir='ltr'>D.</span> <span class='ocrx_word' id='word_1_177' title='bbox 931 2108 949 2126; x_wconf 82' lang='lat' dir='ltr'>a</span> <span class='ocrx_word' id='word_1_178' title='bbox 973 2100 1083 2135; x_wconf 78' lang='lat' dir='ltr'>vulgari</span> <span class='ocrx_word' id='word_1_179' title='bbox 1105 2101 1250 2134; x_wconf 83' lang='lat' dir='ltr'>versione,</span> <span class='ocrx_word' id='word_1_180' title='bbox 1269 2102 1359 2137; x_wconf 83' lang='lat' dir='ltr'>qualis</span> 
     </span>
    </p>
   </div>
   <div class='ocr_carea' id='block_1_5' title="bbox 191 2154 1362 2398">
    <p class='ocr_par' dir='ltr' id='par_1_8' title="bbox 191 2154 1362 2340">
     <span class='ocr_line' id='line_1_25' title="bbox 193 2154 1362 2197; baseline 0 -11"><span class='ocrx_word' id='word_1_181' title='bbox 193 2160 223 2186; x_wconf 90' lang='lat' dir='ltr'>in</span> <span class='ocrx_word' id='word_1_182' title='bbox 246 2159 314 2186; x_wconf 87' lang='lat' dir='ltr'>edit.</span> <span class='ocrx_word' id='word_1_183' title='bbox 335 2158 480 2194; x_wconf 83' lang='lat' dir='ltr'>Wyttenb.</span> <span class='ocrx_word' id='word_1_184' title='bbox 501 2158 620 2194; x_wconf 82' lang='lat' dir='ltr'>legitur,</span> <span class='ocrx_word' id='word_1_185' title='bbox 641 2157 789 2190; x_wconf 82' lang='lat' dir='ltr'>recedens,</span> <span class='ocrx_word' id='word_1_186' title='bbox 811 2157 894 2185; x_wconf 83' lang='lat' dir='ltr'>verba</span> <span class='ocrx_word' id='word_1_187' title='bbox 909 2154 1021 2194; x_wconf 80' lang='grc' dir='ltr'><em>ἀγαθοῦ</em></span> <span class='ocrx_word' id='word_1_188' title='bbox 1033 2155 1124 2190; x_wconf 76' lang='grc' dir='ltr'>αὐτῆς</span> <span class='ocrx_word' id='word_1_189' title='bbox 1135 2154 1362 2197; x_wconf 82' lang='grc' dir='ltr'>ἀπολειπομένης</span> 
     </span>
     <span class='ocr_line' id='line_1_26' title="bbox 191 2208 1360 2245; baseline 0.002 -9"><span class='ocrx_word' id='word_1_190' title='bbox 191 2210 231 2237; x_wconf 82' lang='lat' dir='ltr'>ita</span> <span class='ocrx_word' id='word_1_191' title='bbox 250 2210 372 2238; x_wconf 81' lang='lat' dir='ltr'>reddidit</span> <span class='ocrx_word' id='word_1_192' title='bbox 393 2220 399 2236; x_wconf 73' lang='grc' dir='ltr'><em>ι</em></span> <span class='ocrx_word' id='word_1_193' title='bbox 421 2230 438 2244; x_wconf 82' lang='lat'>„</span> <span class='ocrx_word' id='word_1_194' title='bbox 450 2210 473 2236; x_wconf 89' lang='lat' dir='ltr'>si</span> <span class='ocrx_word' id='word_1_195' title='bbox 493 2218 556 2237; x_wconf 89' lang='lat' dir='ltr'>eam</span> <span class='ocrx_word' id='word_1_196' title='bbox 581 2218 741 2245; x_wconf 82' lang='lat' dir='ltr'>separemus</span> <span class='ocrx_word' id='word_1_197' title='bbox 767 2218 784 2236; x_wconf 85' lang='lat' dir='ltr'>a</span> <span class='ocrx_word' id='word_1_198' title='bbox 814 2208 919 2237; x_wconf 86' lang='lat' dir='ltr'>bon0.&#39;’</span> <span class='ocrx_word' id='word_1_199' title='bbox 938 2224 973 2229; x_wconf 93' lang='lat'>—</span> <span class='ocrx_word' id='word_1_200' title='bbox 1000 2208 1093 2243; x_wconf 84' lang='lat' dir='ltr'>Quam</span> <span class='ocrx_word' id='word_1_201' title='bbox 1121 2210 1158 2237; x_wconf 93' lang='lat' dir='ltr'>ob</span> <span class='ocrx_word' id='word_1_202' title='bbox 1175 2217 1288 2238; x_wconf 82' lang='lat' dir='ltr'>causam</span> <span class='ocrx_word' id='word_1_203' title='bbox 1307 2211 1360 2238; x_wconf 88' lang='lat' dir='ltr'>hoc</span> 
     </span>
     <span class='ocr_line' id='line_1_27' title="bbox 192 2261 1356 2297; baseline 0 -8"><span class='ocrx_word' id='word_1_204' title='bbox 192 2263 286 2290; x_wconf 82' lang='lat' dir='ltr'>fecerit</span> <span class='ocrx_word' id='word_1_205' title='bbox 308 2271 365 2289; x_wconf 91' lang='lat' dir='ltr'>non</span> <span class='ocrx_word' id='word_1_206' title='bbox 385 2262 482 2294; x_wconf 82' lang='lat' dir='ltr'>video,</span> <span class='ocrx_word' id='word_1_207' title='bbox 503 2270 555 2289; x_wconf 88' lang='lat' dir='ltr'>nec</span> <span class='ocrx_word' id='word_1_208' title='bbox 575 2261 716 2297; x_wconf 87' lang='lat' dir='ltr'>quomodo</span> <span class='ocrx_word' id='word_1_209' title='bbox 735 2261 813 2289; x_wconf 84' lang='lat' dir='ltr'>locus</span> <span class='ocrx_word' id='word_1_210' title='bbox 829 2261 869 2289; x_wconf 77' lang='lat' dir='ltr'>ita</span> <span class='ocrx_word' id='word_1_211' title='bbox 888 2261 1022 2289; x_wconf 85' lang='lat' dir='ltr'>idoneum</span> <span class='ocrx_word' id='word_1_212' title='bbox 1040 2269 1155 2289; x_wconf 86' lang='lat' dir='ltr'>sensum</span> <span class='ocrx_word' id='word_1_213' title='bbox 1171 2261 1262 2296; x_wconf 81' lang='lat' dir='ltr'>possit</span> <span class='ocrx_word' id='word_1_214' title='bbox 1279 2269 1356 2296; x_wconf 86' lang='lat' dir='ltr'>prae-</span> 
     </span>
     <span class='ocr_line' id='line_1_28' title="bbox 191 2312 265 2340; baseline 0 -1"><span class='ocrx_word' id='word_1_215' title='bbox 191 2312 265 2340; x_wconf 83' lang='lat' dir='ltr'>bere.</span> 
     </span>
    </p>

    <p class='ocr_par' dir='ltr' id='par_1_9' title="bbox 230 2363 546 2398">
     <span class='ocr_line' id='line_1_29' title="bbox 230 2363 546 2398; baseline 0 -9"><span class='ocrx_word' id='word_1_216' title='bbox 230 2364 268 2398; x_wconf 83' lang='lat'>(2)</span> <span class='ocrx_word' id='word_1_217' title='bbox 289 2363 347 2390; x_wconf 84' lang='lat' dir='ltr'>L.l.</span> <span class='ocrx_word' id='word_1_218' title='bbox 369 2372 396 2397; x_wconf 82' lang='lat' dir='ltr'>p.</span> <span class='ocrx_word' id='word_1_219' title='bbox 420 2366 489 2390; x_wconf 74' lang='lat'>1038</span> <span class='ocrx_word' id='word_1_220' title='bbox 514 2363 546 2389; x_wconf 81' lang='lat' dir='ltr'>E.</span> 
     </span>
    </p>
   </div>
  </div>
 </body>
</html>
