1524 2932
749 175 792 208 67

233 275 428 311 Stoicorum
453 275 576 323 aliquis
592 276 644 324 (1)
672 276 823 319 dixerat,
847 275 1017 311 medicum
1038 278 1073 311 et
1093 274 1263 310 musicum
1283 286 1346 321 pu-

187 353 262 388 nire
295 363 424 396 servos,
457 354 487 388 si
520 365 591 388 non
623 356 714 389 recte
746 353 934 388 secuissent
963 352 1018 388 vel
1042 352 1265 394 cecinissent,
1290 349 1349 385 sed

185 429 309 466 vitiose
333 432 367 465 et
399 433 517 466 contra
540 407 658 466 ⁴artem
686 430 846 478 egissent.
904 428 1128 471 Plutarchus,
1161 431 1202 464 ut
1233 427 1351 463 doceat

187 505 415 553 Chrysippum
451 507 597 553 turpiter
633 505 701 540 sibi
737 516 957 552 repugnasse,
994 503 1061 539 alio
1098 504 1174 538 loco
1211 505 1353 538 conten-

190 586 301 630 denti,
326 590 394 628 τοῦς
422 586 557 637 φαύλους
585 586 620 623 οὐ
647 584 805 622 δύνασθαι
835 585 1022 636 κατορθοῦν,
1054 585 1137 621 inde
1161 584 1355 627 concludit,

185 670 291 705 servis
302 669 499 717 impositum
512 668 617 704 fuisse
630 666 836 718 κατόρθωμα,
849 680 921 703 non
932 667 1029 717 μέσον
1044 668 1108 716 (2).
1146 668 1195 703 At
1207 666 1272 702 hoc
1281 679 1352 702 non

186 757 283 792 posse
307 758 325 780 e
344 745 455 781 verbis
481 744 594 779 allatis
625 744 769 780 derivari
793 744 866 790 ipse
886 744 1032 779 sensisse
1051 743 1204 786 videtur,
1228 743 1352 790 adjun-

183 839 267 874 gens
289 840 296 862 :
322 827 350 862 εἷ
376 824 415 862 δὲ
443 826 528 874 μέσα
549 828 799 875 προστάττουσιν
817 825 845 861 οἱ
864 824 953 875 σοφοὶ
975 826 1039 866 τοῖς
1058 823 1205 875 φαύλοις,
1234 826 1269 862 τί
1280 840 1351 862 κω-

184 906 251 943 λύει
279 906 334 943 καί
364 907 407 943 τὰ
436 910 490 943 τοῦ
518 908 612 956 νόμου
642 908 879 957 προστάγματα
906 908 1036 943 τοιαῦτα
1053 906 1147 954 εἶναι;
1174 906 1270 947 Qm'd
1291 908 1355 943 im-

185 988 322 1044 pediat?
372 989 476 1025 Ratio
500 990 574 1036 ipsa
599 991 662 1025 τῶν
683 989 802 1037 μέσων.
853 988 891 1024 Si
912 989 1003 1024 enim
1016 988 1113 1033 haec,
1138 989 1354 1036 quemadmo-

186 1071 267 1107 dum
292 1071 334 1107 τὰ
363 1071 614 1122 κατορθώματα,
641 1071 727 1120 legis
749 1074 861 1107 essent
886 1074 1078 1120 praecepta,
1116 1084 1186 1108 non
1210 1071 1354 1121 amplius

185 1157 297 1190 essent
321 1155 423 1203 μέσα,
450 1155 509 1190 sed
531 1155 631 1202 plane
652 1167 729 1190 cum
754 1153 978 1203 κατορθώμασι
1005 1155 1238 1191 convenirent.

233 1230 391 1278 Denique
414 1230 619 1267 Plutarchus
643 1230 834 1267 hoc·modo
860 1231 1055 1267 Stoicorum
1081 1231 1257 1268 doctrinae
1270 1231 1350 1268 illu-

186 1311 262 1346 dere
295 1314 447 1347 conatur.
497 1312 609 1347 Stoici
640 1323 761 1358 nempe
793 1310 829 1348 τὸ
856 1310 1060 1359 εὐλαβεῖσθαι
1095 1313 1138 1348 ad
1168 1314 1352 1361 sapientem

185 1394 385 1439 retulerant,
422 1395 570 1445 ἀφορμὰς
608 1406 627 1430 a
660 1393 762 1430 rebus
795 1394 908 1442 pravis
940 1395 972 1431 ei
1001 1395 1200 1432 tribuentes.
1251 1396 1354 1433 Hanc

185 1477 379 1512 cautionem
400 1477 590 1513 tribuerant
611 1474 656 1527 τῷ
671 1476 767 1527 λόγῳ,
782 1477 949 1514 hactenus
961 1478 1219 1529 ἀπαγορευτικῷ.
1247 1480 1352 1515 Ponit

184 1555 299 1588 noster
327 1553 482 1589 dilemma
508 1567 515 1588 :
544 1554 674 1597 nAut,”
699 1554 829 1601 inquit,
856 1555 974 1590 malind
999 1558 1050 1591 est
1080 1557 1243 1603 sapientis
1264 1558 1352 1593 ratio

185 1630 279 1666 aliud
299 1630 370 1673 lex,
401 1633 460 1666 aut
480 1629 535 1665 lex
556 1629 646 1665 nihil
668 1630 762 1666 ahud
783 1633 834 1666 est
859 1643 959 1677 quam
980 1632 1142 1679 sapientis
1163 1632 1260 1667 ratio.
1311 1633 1355 1669 Si

184 1712 273 1748 illud
302 1724 418 1748 verum
442 1715 493 1748 est
528 1726 534 1747 :
569 1713 752 1761 μαχόμενον
781 1715 826 1761 τῷ
856 1714 943 1762 νόμῳ
971 1712 1064 1762 λόγον
1093 1714 1149 1752 τὴν
1178 1712 1350 1761 εὐλάβειαν

185 1795 327 1844 ἔχουσιν.
367 1795 405 1830 Si
426 1794 491 1830 hoc
515 1807 631 1830 verum
658 1808 664 1829 :
690 1795 818 1844 εὕρηται
849 1795 941 1842 νόμος
968 1795 1176 1845 ἀπαγορεύων
1205 1797 1281 1837 τοῖς,
1296 1810 1351 1832 σο·

186 1878 253 1928 φοῖς
281 1878 383 1914 ποιεῖν
410 1876 434 1912 ἃ
462 1872 703 1924 εὐλαβοῦνται.”
755 1876 890 1917 Quaero
916 1891 923 1912 z
949 1877 1033 1924 quid
1063 1876 1192 1922 obstat,
1217 1880 1349 1926 quomi-

186 1975 253 1999 nus
279 1961 344 1997 hoc
369 1962 419 1997 ita
442 1974 477 1997 se
498 1960 644 1997 habeat?
680 1960 818 1997 ubinam
839 1960 950 1996 Stoici
973 1959 1162 1996 docuerunt
1187 1959 1239 1996 τὸν
1258 1962 1351 2009 νόμον

186 2059 205 2082 a
237 2045 324 2095 λόγῳ
356 2057 428 2080 esse
452 2043 648 2080 diversum?
700 2044 775 2079 Imo
800 2044 820 2082 ἡ
850 2044 939 2082 κοινὴ
967 2042 1075 2092 φύσις,
1105 2044 1122 2078 ὁ
1150 2048 1203 2084 τῆς
1231 2044 1350 2092 φυσέως

224 2261 263 2296 (1)
283 2260 368 2289 Hunc
389 2259 475 2288 fuisse
494 2258 701 2295 Chrysippum,
723 2258 804 2287 docet
821 2258 876 2287 loci
894 2261 1042 2286 contextus
1061 2258 1136 2294 apud
1156 2258 1233 2286 Plut.
1255 2259 1298 2286 l.1.
1319 2269 1347 2295 p.

190 2313 258 2339 1037
278 2312 315 2339 E.

224 2363 264 2398 (2)
284 2362 362 2392 Plut.
383 2363 426 2391 1.1.
448 2372 476 2399 p.
500 2364 567 2390 1037
589 2361 623 2390 C.

1198 2431 1251 2463 53?
