1524 2932
783 248 827 280 59

272 348 475 385 Plutarchus
498 350 631 396 reponit
654 360 852 397 magnorum
866 350 1014 384 virorum
1027 349 1248 392 calamitates,
1260 352 1373 397 quales

224 426 306 460 sunt
339 424 487 462 Socratis
517 425 766 469 condemnatio,
790 424 1002 474 Pythagorae
1022 426 1234 470 incendium,
1260 427 1374 464 caedes

224 500 368 536 Zenonis
389 504 423 537 et
446 485 671 549 Antiphontis
691 502 761 548 (1),
783 512 854 536 non
880 501 1096 537 conferendas
1113 514 1184 537 esse
1204 515 1281 538 cum
1304 503 1376 539 fur-

223 575 355 612 furibus
372 579 406 612 et
426 578 540 625 granis
558 574 810 619 excidentibus,
826 576 897 611 nisi
913 576 1063 612 levitatis
1081 579 1196 613 notam
1210 579 1377 626 suscipere

224 655 301 701 quis
325 654 417 691 velit.
466 654 569 690 Malis
594 666 672 689 vero
696 654 806 702 geniis
838 653 984 701 acceptis
1014 653 1113 689 deum
1143 653 1285 690 similem
1307 654 1379 690 fieri

223 731 338 778 inepto
357 732 445 779 regi,
469 731 529 777 qui
554 730 753 767 vecordibus
779 731 921 778 satrapis
941 731 1132 778 provincias
1154 731 1379 775 mandaverit,

223 808 438 856 patiaturque
466 806 507 842 ab
532 807 575 842 iis
600 807 685 842 male
714 807 859 854 optimos
884 808 1032 843 tractari.
1094 807 1304 856 Chrysippus
1337 820 1378 843 ex

224 883 289 920 hoc
313 884 432 931 laqueo
456 883 611 931 expedire
635 896 670 919 se
689 895 759 920 non
782 886 894 931 potest
919 883 1147 931 confugiendo
1168 884 1210 919 ad
1234 885 1296 920 fati
1320 897 1379 920 ne-

226 962 430 1004 cessitatem3
456 960 635 996 acerrimus
660 960 750 996 enim
775 960 847 1007 ejus
865 959 1074 997 adversarius
1095 972 1213 1009 urgere
1225 973 1296 996 non
1317 960 1380 996 du-

224 1038 328 1080 bitat,
351 1038 551 1073 necessitate
574 1039 725 1084 accepta,
758 1036 857 1072 deum
890 1039 1056 1084 potestate
1084 1050 1145 1072 sua
1165 1049 1235 1072 non
1268 1037 1381 1072 omnia

224 1118 425 1167 gubernare,
445 1130 554 1165 neque
573 1118 684 1154 omnia
713 1118 899 1154 secundum
922 1117 1057 1168 ἀρίστην
1085 1118 1177 1168 φύσιν
1203 1119 1379 1168 περαινεΐν,

224 1195 389 1243 quamdiu
411 1194 507 1231 locus
528 1194 635 1231 aderit
658 1194 868 1242 quarundam
891 1206 1002 1231 rerum
1026 1194 1242 1244 neglectioni.

275 1273 425 1309 Omnino
449 1272 558 1321 igitur
581 1271 755 1308 fatendmn
779 1271 933 1316 videtur,
950 1272 994 1308 iis
1010 1271 1111 1315 locis,
1135 1284 1221 1319 quos
1245 1271 1381 1307 Plutar-

226 1350 310 1387 chus
330 1363 362 1398 p.
381 1352 475 1386 1048
500 1350 673 1386 F—1051
690 1349 731 1385 E.
754 1348 1127 1397 attulit,Chrysippum
1139 1348 1205 1384 sibi
1216 1361 1286 1384 non
1300 1360 1382 1384 con-

225 1440 354 1477 gruere.
414 1427 577 1464 Omnium
612 1439 724 1463 rerum
760 1427 993 1463 necessitatem
1029 1427 1196 1474 accipiens
1233 1425 1382 1462 libertati

226 1504 390 1540 humanae
421 1504 535 1540 locum
566 1517 636 1540 non
671 1504 825 1551 reliquit,
861 1507 895 1540 et
919 1504 1021 1540 simul
1046 1504 1123 1540 deos
1156 1516 1284 1552 ponens
1312 1516 1382 1540 non

226 1581 401 1629 prohibere
424 1582 553 1628 potuit,
577 1581 662 1628 quin
678 1581 722 1616 iis
738 1580 903 1616 malorum
925 1580 1024 1628 culpa
1043 1581 1224 1617 tribuatur.

265 1755 304 1789 (1)
324 1754 368 1782 De
389 1754 512 1787 ratione,
541 1761 597 1789 qua
623 1753 796 1789 Pythagoras
825 1753 899 1781 diem
930 1760 1093 1788 supremum
1123 1753 1209 1786 obiit,
1241 1753 1335 1781 variae
1354 1757 1383 1781 et

226 1807 349 1834 incertae
385 1810 451 1833 sunt
481 1805 666 1833 narrationes.
709 1805 892 1838 Incendium,
927 1800 1022 1840 quod‘
1039 1805 1085 1832 hic
1112 1808 1305 1839 memoratur,
1339 1809 1383 1833 est

227 1857 303 1893 qnod
325 1857 411 1892 vulgo
434 1855 593 1891 Cyloneum
611 1856 718 1883 dictum
739 1860 792 1883 est.
830 1855 887 1883 Res
905 1859 983 1883 nota.

264 1907 341 1936 Zeno
368 1907 495 1942 Eleates,
527 1906 704 1935 Parmenidis
733 1906 901 1943 discipulus,
930 1915 948 1934 a
975 1906 1105 1934 Nearcho
1132 1910 1254 1942 tyranno
1281 1906 1384 1934 misere

228 1959 385 1993 cruciatus,
404 1959 518 1988 tandem
537 1959 678 1987 concisam
700 1959 830 1987 dentibus
852 1959 979 1995 linguam
1001 1958 1032 1986 in
1054 1967 1085 1987 os
1106 1960 1221 1994 tyranni
1242 1959 1385 1996 exspuisse

228 2011 341 2038 dicitur.

266 2061 416 2098 Antiphon
434 2064 546 2096 orator,
567 2062 732 2098 proditionis
750 2065 913 2096 accusatus,
941 2062 1039 2099 capitia
1060 2062 1208 2091 damnatus
1228 2067 1279 2091 est.
