1524 2932
721 223 765 257 31

165 325 266 372 paria.
316 324 382 367 Ut,
406 325 534 374 inquit,
559 326 597 361 in
623 325 748 361 fidibus
769 324 939 372 pluribus,
964 326 994 360 si
1023 324 1118 359 nulla
1138 337 1249 360 earum
1271 327 1319 361 ita

166 402 326 437 contenta
361 402 473 438 nervis
506 403 567 445 sit,
603 405 644 438 ut
673 404 877 437 concentum
901 413 1031 438 servare
1054 403 1178 449 possit,
1209 415 1322 437 omnes

167 489 269 526 aeque
293 477 509 514 incontentae
529 480 615 521 sint,
640 478 691 513 sic
714 480 867 525 peccata,
892 479 972 526 quia
991 478 1198 526 discrepant,
1223 492 1325 527 aeque

167 552 373 600 discrepant3
398 555 491 602 paria
511 557 594 589 sunt
613 554 730 600 igitur.
770 553 842 588 Hic
855 553 1013 601 ambiguo
1024 553 1184 589 ludimur.
1210 556 1326 603 Aeque

166 630 256 665 enim
277 631 449 679 contingit
470 629 627 665 omnibus
652 629 794 673 fidibus,
818 632 859 666 ut
879 630 1097 667 incontentae
1125 631 1211 675 sint;
1236 631 1325 667 illud

166 720 237 743 non
261 710 441 751 continuo,
464 710 505 743 ut
518 719 621 756 aeque
640 708 866 744 incontentae.
916 708 1063 745 CoHatio
1081 709 1189 757 igitur
1213 709 1326 744 istate

166 784 255 820 nihil
270 785 379 832 juvat.
440 784 517 819 Nec
541 784 647 827 enim,
671 796 786 820 omnes
811 785 969 820 avaritias
996 786 1025 820 si
1047 797 1150 833 aeque
1167 786 1326 821 avaritias

167 873 238 897 esse
262 861 461 903 dixerimus,
494 863 666 909 sequetur,
702 863 743 896 ut
777 862 878 897 etiam
911 873 1033 910 aequas
1062 874 1133 897 esse
1165 860 1330 897 dieamus?

168 937 259 973 Ecce
279 936 372 972 aliud
397 935 506 971 simile
539 935 713 971 dissimile.
761 936 812 971 Ut
837 937 942 979 enim,
967 937 1097 985 inquit,
1121 937 1328 984 gubernator

169 1026 272 1063 aeque
295 1015 427 1061 peccat,
452 1013 482 1048 si
506 1011 677 1060 palearum
709 1024 830 1049 navem
855 1013 993 1057 evertit,
1018 1016 1052 1050 et
1077 1014 1106 1049 si
1132 1015 1221 1058 auri,
1245 1014 1328 1050 item

169 1103 273 1139 aeque
296 1092 429 1137 peccat,
454 1090 514 1138 qui
538 1092 725 1137 parentem,
754 1092 789 1125 et
813 1090 873 1138 qui
902 1102 1036 1125 servum
1061 1091 1187 1137 injuria
1211 1091 1328 1126 verbe-

168 1169 231 1203 rat.
281 1166 360 1202 Hoc
388 1179 459 1202 non
484 1166 612 1209 videre,
638 1166 735 1213 cujus
760 1166 892 1213 generis
918 1179 1004 1201 onus
1029 1167 1128 1203 navis
1152 1166 1267 1210 vehat,
1292 1167 1328 1202 id

170 1244 213 1280 ad
233 1243 468 1293 gubernatoris
502 1245 605 1279 artem
630 1226 923 1291 nihil-pertinere!
975 1243 1099 1291 Itaque
1124 1255 1241 1279 aurum
1270 1256 1330 1291 pa—

169 1322 298 1357 leamne
329 1323 455 1368 portet,
492 1319 535 1354 ad
567 1319 652 1355 bene
681 1321 740 1354 aut
773 1319 816 1354 ad
850 1318 937 1354 male
960 1318 1218 1366 gubernandum
1242 1318 1331 1354 nihil

169 1397 337 1433 interesse.
386 1397 436 1434 At
468 1395 552 1444 quid
588 1395 678 1431 inter
713 1396 884 1442 parentem
915 1397 949 1431 et
979 1394 1146 1431 servolum
1178 1395 1329 1438 intersit,

169 1474 318 1522 intelligi
354 1475 465 1520 potest
502 1475 536 1507 et
573 1471 680 1507 debet.
741 1471 834 1519 Ergo
862 1472 900 1506 in
931 1471 1151 1519 gubernando
1174 1470 1263 1506 nihil
1292 1472 1329 1506 in

170 1551 282 1587 officio
317 1548 500 1597 plurimum
536 1548 692 1591 interest,
729 1559 796 1596 quo
829 1547 867 1583 in
899 1560 1021 1596 genere
1051 1551 1218 1596 peccatur.
1267 1548 1329 1592 Et,

170 1629 200 1663 si
245 1628 283 1662 in
323 1627 397 1673 ipsa
439 1625 684 1673 gubernatione
723 1624 934 1672 negligentia
974 1627 1026 1660 est
1061 1626 1158 1660 navis
1199 1637 1328 1668 eversa,

175 1704 283 1752 majus
320 1705 371 1739 est
400 1704 574 1750 peccatum
609 1701 647 1737 in
684 1713 780 1745 aum,
816 1713 916 1750 quam
944 1701 982 1737 in
1006 1700 1108 1749 palea.
1158 1701 1328 1738 Omnibus

171 1781 262 1816 enim
283 1779 412 1814 artibus
433 1778 589 1814 volumus
606 1777 805 1813 attributam
825 1789 897 1812 esse
919 1789 1006 1820 eam,
1031 1790 1116 1825 quae
1141 1779 1329 1813 communis

172 1855 358 1905 appellatur
401 1853 601 1902 prudentia3
639 1865 739 1902 quam
779 1865 894 1889 omnes
907 1881 916 1897 ,
953 1854 1145 1902 cuicunque
1186 1854 1330 1890 artificio

172 1933 347 1979 praesunt,
372 1929 495 1966 debent
518 1928 647 1965 habere.
696 1929 752 1964 Ita
778 1941 821 1965 ne
849 1928 914 1965 hoc
944 1929 1045 1965 modo
1073 1930 1166 1977 paria
1195 1930 1331 1979 quidem

171 2011 308 2057 peccata
328 2010 438 2044 sunt?

222 2085 310 2125 Quis
323 2087 389 2128 est,
414 2085 474 2132 qui
497 2083 590 2119 hisce
611 2084 817 2131 argumentis
839 2096 858 2119 a
878 2083 1041 2119 Cicerone
1061 2084 1185 2127 allatis,
1223 2085 1332 2133 iisque

174 2175 259 2212 quae
294 2162 396 2197 initio
426 2161 546 2207 capitis
580 2161 751 2208 sequentis
778 2161 854 2207 (28)
886 2160 927 2195 ab
960 2160 1075 2195 eodem
1099 2161 1331 2206 proferuntur,

174 2244 342 2281 calculum
374 2256 444 2279 non
475 2242 634 2290 adjiciat?
665 2263 714 2268 —
751 2242 799 2277 At
829 2241 913 2289 quid
949 2242 1057 2289 igitur
1091 2241 1132 2277 de
1156 2239 1331 2291 παραδόξῳ

175 2326 293 2358 nostro
314 2321 553 2357 statuendum?
570 2348 576 2354 .
592 2348 598 2354 .
614 2348 621 2354 .
670 2321 788 2366 Ipsum
809 2318 1039 2365 Chrysippum
1061 2318 1254 2353 audiamus!

223 2397 300 2440 Ἴσα
328 2417 361 2440 τε
391 2405 496 2440 πάντα
523 2401 668 2451 λέγουσιν
700 2398 742 2449 (οἱ
775 2395 924 2448 Στωϊκὸι)
954 2399 1031 2435 εἶναι
1061 2400 1103 2436 τὰ
1129 2400 1330 2449 ἁμαρτήμα-
