1524 2932
728 227 772 260 25
1169 203 1199 217 ‘¹
1253 195 1303 237 ΤΥ
1326 212 1458 267 orm.

171 329 208 365 id
228 340 300 364 esse
324 328 458 372 dicunt,
483 328 590 378 quod,
615 339 676 363 cur
700 328 828 363 factum
853 327 914 369 sit,
938 327 1026 362 ratio
1039 325 1221 373 probabilis
1234 326 1329 362 reddi

171 412 288 460 possit.
338 411 494 452 Quocum
516 412 670 449 concinit
694 411 752 447 τοῦ
766 409 954 451 καθήκοντος
979 409 1068 457 apud
1089 410 1270 446 Stobaeum
1292 410 1327 446 ll.

172 494 326 530 definitio
352 508 359 530 :
385 494 522 544 ὁρίζεται
563 491 602 528 δὲ
640 491 675 528 τὸ
711 491 867 539 καθῆκον,
903 490 936 527 τὸ
966 490 1136 527 ἀκόλουθον
1173 491 1205 527 ἐν
1238 495 1327 540 ζωῇ,

172 574 189 611 ὃ
212 575 357 626 πραχθὲν
385 575 513 624 εὔλογον
530 573 707 623 ἀπολογίαν
722 575 792 621 ἔχει
820 574 884 621 (1).

196 683 203 690 .
221 657 412 693 Discrimen
437 658 527 692 inter
551 655 593 691 τὰ
620 654 797 695 καθήκοντα
833 658 867 691 et
904 655 946 690 τὰ
969 654 1201 705 κατορθώματα
1230 666 1329 690 accu-

172 734 279 769 ratius
303 731 544 769 fflustrandum
565 734 625 767 est.
674 731 827 780 Utraque
851 743 929 767 cum
953 733 990 767 in
1015 732 1136 767 officiis
1160 735 1331 779 ponantur

173 812 274 857 atque
297 809 340 846 ad
373 809 462 845 bona
485 808 575 844 facta
598 808 717 844 latiore
749 821 852 844 sensu
875 809 1077 851 referantus,
1101 808 1190 843 illud
1218 812 1330 844 tamen

172 892 328 934 interest,
353 890 445 939 quod
469 890 511 926 τὰ
540 889 718 930 καθήκοντα
741 903 811 926 non
844 902 979 926 necesse
1008 894 1059 926 est
1092 894 1132 926 ut
1153 902 1289 938 prorsus
1314 903 1332 926 e

171 968 315 1004 rationis
340 968 525 1015 praeceptis
556 967 700 1004 derivari
730 968 877 1015 possint3
915 968 1056 1011 sufficit,
1082 968 1112 1003 si
1136 966 1230 1003 hisce
1262 979 1332 1003 non

172 1054 370 1099 repugnent.
421 1051 475 1087 Τὰ
504 1048 735 1101 κατορθώματα
760 1064 854 1096 vero,
878 1064 964 1100 quae
980 1052 1023 1087 ad
1047 1052 1106 1087 illa
1123 1053 1238 1088 referri
1255 1065 1332 1100 pos-

172 1130 255 1164 sunt
284 1130 455 1177 tamquam
488 1128 613 1175 species
644 1128 686 1164 ad
722 1140 845 1176 genus,
869 1127 957 1164 illud
990 1128 1056 1164 sibi
1077 1129 1250 1176 proprium
1273 1127 1334 1164 ha-

180 1205 263 1240 bent
301 1206 372 1252 (2),
405 1204 497 1252 quod
520 1217 590 1240 non
615 1208 749 1240 tantum
770 1217 847 1240 cum
872 1208 994 1240 natura
1018 1205 1189 1240 communi
1214 1217 1335 1240 eonve-

172 1280 291 1323 niunt,
316 1280 374 1315 sed
398 1282 437 1315 ea
471 1283 642 1328 tamquam
672 1280 744 1315 solo
773 1279 994 1315 fundamento
1014 1280 1183 1315 nituntur.
1232 1279 1334 1315 Prin-

173 1363 300 1410 cipium
324 1364 446 1411 igitur,
471 1376 512 1399 ex
537 1376 604 1412 quo
630 1364 776 1411 agimus,
810 1363 914 1398 efficit
938 1361 973 1397 τὸ
999 1361 1200 1411 κατόρθωμα,
1219 1374 1333 1397 omnes

175 1439 354 1475 continens
378 1451 535 1475 numeros
560 1440 709 1475 virtutis.
759 1440 961 1486 Depositum
990 1439 1125 1474 reddere
1145 1451 1172 1474 e.
1196 1451 1229 1486 g.
1251 1439 1332 1474 sim-

173 1519 308 1567 pliciter
332 1523 383 1555 est
409 1519 562 1566 καθῆκον;
580 1522 680 1567 juste
713 1521 900 1569 depositum
932 1520 1068 1555 reddere
1092 1523 1143 1555 est
1167 1519 1332 1569 κατόρθω-

213 1781 252 1817 (1)
272 1780 504 1816 Wyttenbaehius
520 1782 555 1809 ad
573 1782 651 1809 Plut.
671 1783 706 1811 de
723 1782 803 1811 nect.
823 1781 903 1809 And.
922 1782 990 1810 ΒΜ.
1009 1790 1039 1817 p.
1060 1784 1097 1808 44
1114 1780 1155 1809 A.
1176 1781 1224 1817 (T.
1248 1781 1274 1809 1.
1301 1790 1330 1817 p.

175 1841 255 1876 377):
277 1862 295 1878 „
305 1839 426 1871 καθῆκον
448 1842 559 1877 proprie
578 1845 620 1869 est
637 1841 682 1875 id,
704 1842 779 1877 quod
797 1838 915 1871 καθήκει
925 1838 994 1875 τινἰ,
1007 1841 1092 1869 alicui
1099 1841 1218 1869 convenit
1221 1841 1336 1876 sacien-

175 1891 253 1926 dum,
274 1893 341 1920 hinc
360 1897 387 1921 et
404 1892 541 1928 qfficium,
562 1901 617 1927 quo
636 1901 721 1920 sensu
739 1901 756 1919 a
774 1892 947 1929 philosophis
966 1893 1089 1921 maxime
1104 1892 1205 1920 Stoicis
1216 1893 1336 1920 celebra-

174 1947 252 1976 tum,
286 1944 334 1971 sed
362 1947 389 1971 et
416 1947 495 1971 extra
514 1943 638 1971 scholam
656 1943 687 1970 in
707 1943 782 1971 vitae
799 1944 1002 1972 consuetudine
1019 1948 1187 1979 usurpatum
1206 1943 1278 1971 est.’'
1298 1959 1334 1964 —

175 1993 213 2021 Et
241 1992 349 2028 Garve,
377 1994 604 2030 Anmerkungen
629 2002 665 2021 zu
683 1993 807 2022 cicero’s
825 1994 955 2023 Biiohem
973 2004 1031 2023 von
1050 1995 1105 2023 deu
1123 1994 1276 2029 Pflichten,
1298 1994 1334 2022 Τ.

175 2053 201 2079 1.
222 2062 251 2088 p.
272 2056 307 2080 23
328 2063 335 2079 z
356 2053 422 2089 „sie
448 2062 562 2080 neuneu
573 2053 639 2087 jene
649 2053 751 2080 Pflicht
773 2050 915 2085 καθῆκον,
936 2053 989 2080 dae
1009 2053 1193 2086 Schiclclz'che,
1213 2053 1276 2081 weil
1291 2053 1335 2080 bei

174 2103 320 2131 dex-selben
342 2112 371 2131 es
390 2104 565 2138 hinlfinglich
581 2103 631 2137 ist,
651 2112 734 2131 wenn
755 2112 810 2130 nur
828 2103 873 2131 die
885 2103 1041 2139 Handlung
1055 2104 1109 2130 den
1122 2103 1336 2131 Verhiiltnissen

175 2157 286 2192 gemfisz
310 2155 361 2190 ist,
381 2159 463 2184 unter
484 2156 607 2184 welchen
626 2155 667 2184 sie
689 2156 846 2191 geschieffl,
867 2156 912 2183 die
933 2155 1033 2190 Quelle
1057 2165 1124 2192 mag
1145 2157 1219 2184 noch
1237 2165 1269 2185 so
1282 2165 1335 2184 un-

175 2207 266 2235 lauter
284 2207 384 2242 seyn.”
404 2222 439 2227 —
459 2206 544 2234 Conf.
565 2206 651 2242 Diog.
671 2206 707 2233 L.
727 2206 792 2234 Lib.
812 2207 883 2234 VII.
903 2207 919 2241 ξ
940 2208 1009 2241 107,
1032 2210 1094 2235 108.

214 2266 254 2301 (2)
275 2265 426 2299 stobaeus,
452 2265 497 2292 1.1.
516 2273 545 2301 p.
570 2267 633 2292 184.
671 2261 850 2302 Κατόρθωμα
872 2256 973 2291 δἐἶναι
997 2260 1113 2302 λέγουσι
1125 2262 1248 2295 καθῆκον
1260 2263 1336 2293 πάν-

177 2331 228 2355 τας
244 2319 347 2362 ἐπέχον
358 2319 424 2355 τοὺς
435 2318 579 2361 ἀριθμόυς.
617 2323 764 2352 Interdum
790 2331 856 2351 vero
875 2317 907 2349 τὸ
930 2318 1101 2361 κατόρθωμα
1122 2324 1162 2361 τῷ
1185 2321 1337 2354 καθήκοντι

177 2386 342 2422 opponitus,
372 2386 395 2412 si
427 2386 480 2413 hoc
507 2386 622 2414 nomine
650 2389 768 2414 utuntur
796 2393 847 2421 pro
878 2385 975 2413 officiis
995 2386 1096 2414 mediis
1117 2384 1187 2419 (τοῖς
1214 2380 1335 2420 μέσοιςῖ.

180 2435 263 2464 Oonf.
285 2437 402 2465 Beierus
425 2437 460 2464 ad
484 2435 543 2464 Cic.
566 2437 600 2465 de
623 2435 681 2464 off.
711 2437 737 2464 1.
757 2445 782 2464 c.
804 2440 831 2463 3.
852 2445 880 2472 p.
902 2439 966 2465 318.
