1524 2932
740 184 812 208 VIII

191 279 252 321 iis,
287 291 371 326 quae
406 279 500 325 apud
532 278 619 313 alios
644 279 685 312 de
714 277 894 324 Chrysippi
919 277 1072 312 doctrina
1096 277 1217 312 morali
1241 276 1353 312 relata

192 355 345 401 Zeyeram.
395 355 675 390 Animadvertens
695 366 815 400 porr0,
844 353 1131 401 Wyttenbachium
1152 358 1254 390 morte
1274 366 1354 401 pro-

190 432 333 466 hibitum
371 433 457 466 hanc
494 432 680 467 Plutarchi
714 431 927 478 scriptionem
957 432 1189 466 commentario
1213 444 1278 467 non
1303 444 1354 467 or-

189 520 304 551 nasse,
342 521 446 556 neque
484 508 592 543 alium
629 521 819 555 quemquam
855 509 1069 554 interpretem
1100 507 1285 542 Pbutarchi
1315 508 1356 542 de

192 587 404 633 antiquorum
429 587 613 622 Stoicorum
633 585 779 632 placitis
795 585 970 631 judicium
995 585 1079 619 data
1097 596 1204 631 opera
1229 583 1356 619 exami-

192 675 307 704 nasse,
333 662 427 697 haud
449 673 688 708 supervacuam
712 673 779 695 rem
802 662 987 707 facturum
1012 673 1062 695 me
1086 660 1245 707 opinatus
1268 672 1358 703 sum,

192 739 223 773 si
249 738 501 783 investiqarem,
539 740 701 783 quatenus
726 736 767 771 de
792 737 838 771 iis
861 740 950 772 recte
975 737 1030 772 vel
1054 749 1147 771 secus
1164 736 1357 783 judicasset

194 814 416 850 Plutarchus.

247 894 355 931 Quum
372 904 447 926 vero
468 892 505 926 in
532 892 614 926 libro
638 891 777 926 laudato
799 891 1011 925 Plutarchus
1027 891 1212 937 praecipue
1224 890 1358 936 aqatde
1421 935 1424 938 ι

197 968 384 1016 Chrysippo
409 968 545 1014 ejusque
565 967 712 1014 placitis
735 968 792 1003 vel
811 968 949 1003 Ethicis
972 968 1028 1003 vel
1052 980 1136 1015 quae
1156 979 1230 1004 cum
1253 968 1357 1003 Ethi-

195 1057 236 1080 ca
268 1045 422 1081 doctrina
459 1045 588 1080 arctius
612 1050 692 1081 sunt
726 1047 920 1093 conjuncta,
954 1047 994 1082 id
1015 1046 1101 1082 mihi
1119 1048 1297 1095 proposui,
1320 1051 1360 1083 ut

195 1133 236 1155 ea
260 1124 394 1156 tantum
419 1133 634 1164 recenserem,
669 1135 752 1169 quae
776 1123 824 1157 ad
842 1124 1031 1170 praecipua
1056 1100 1229 1159 doctrinae
1252 1135 1360 1160 mora-

198 1198 245 1232 bis
269 1198 401 1245 capita,
427 1199 616 1234 libertatem
635 1199 841 1241 voluntatis,
864 1199 1038 1242 virtutem,
1052 1200 1286 1246 felicitatm,
1311 1212 1363 1235 re-

186 1275 289 1321 ferri
318 1279 473 1322 possunt.
526 1276 597 1315 Quo
622 1276 776 1322 facilior
813 1279 925 1311 autem
957 1280 991 1312 et
1020 1276 1147 1312 clarior
1171 1280 1257 1312 esset
1281 1277 1363 1312 haec

198 1352 363 1394 recensio,
386 1354 613 1387 necessarium
636 1353 721 1387 dum·
736 1354 955 1399 praemittere
975 1353 1220 1388 enarrationem
1240 1365 1365 1395 eorum,

199 1440 284 1475 quae
304 1428 346 1464 de
367 1429 423 1464 his
444 1430 652 1476 argumentis
676 1430 884 1478 Chrysippus
901 1431 1093 1477 eoeposuisse
1109 1431 1259 1475 videtwr,
1283 1444 1364 1479 qua-

201 1508 300 1539 tenus
324 1505 365 1539 id
386 1518 428 1539 ex
452 1506 678 1551 antiquorum,
704 1518 787 1552 quae
812 1507 853 1541 de
886 1519 922 1541 eo
946 1511 1141 1553 supersunt,
1165 1507 1367 1543 testimoniis

202 1580 291 1626 effici
318 1580 430 1615 liceat.

252 1733 418 1767 Absoluta
451 1734 513 1768 hac
538 1734 792 1777 dissertatione,
817 1749 881 1771 non
906 1737 1075 1780 dubitavi,
1106 1738 1240 1773 cuinam
1268 1739 1367 1773 hasce

206 1809 450 1855 qualescunque
471 1811 657 1844 studiorum
675 1824 816 1845 meorum
841 1813 1018 1858 primitias
1039 1814 1193 1848 dicarem.
1243 1814 1370 1849 Dulcis

206 1884 294 1918 enim
320 1885 419 1927 mihi,
445 1886 647 1921 amicissime
672 1886 807 1933 Pleyte!
835 1900 961 1935 semper
982 1890 1078 1924 adest
1100 1890 1201 1925 illius
1213 1891 1370 1937 temporis

206 1960 408 2001 recordatio,
434 1973 494 2006 quo
511 1963 626 2006 patris
651 1963 769 2007 optimi
794 1975 874 1998 cura
895 1965 943 1998 ad
965 1969 998 1998 te
1022 1965 1184 1999 deductus
1208 1969 1268 2000 tua
1283 1967 1371 2011 frui

205 2034 440 2077 institutione,
464 2040 497 2070 et
528 2040 562 2070 te
585 2037 669 2072 duce
693 2038 873 2074 celebratos
905 2040 987 2075 illos
1019 2042 1178 2088 antiquae
1207 2043 1371 2077 Graeciae

207 2114 240 2145 et
279 2111 382 2146 Latii
417 2112 597 2158 scriptores
631 2113 786 2149 lectitare
819 2116 920 2162 coepi.
974 2116 1050 2151 Tibi
1081 2129 1147 2152 non
1178 2118 1218 2151 id
1239 2121 1370 2152 tantum

203 2188 414 2234 propositum
447 2193 536 2232 erat,
573 2194 610 2224 ut
644 2190 829 2239 discipulos
858 2192 894 2227 in
927 2193 1137 2240 antiquorum
1168 2194 1305 2228 vivendi
1337 2197 1370 2228 et

209 2264 382 2310 coyitandi
417 2265 580 2301 rationem
618 2267 863 2309 introduceres;
902 2282 966 2305 non
1002 2270 1043 2305 id
1073 2274 1219 2313 tantum,
1253 2274 1291 2305 ut
1324 2270 1371 2304 iis

209 2341 415 2381 ostenderes,
453 2345 578 2386 quanta
616 2344 651 2377 in
690 2344 898 2390 antiquorum
935 2346 1074 2392 scriptis
1111 2349 1266 2381 cernatur
1303 2345 1371 2380 elo-
