1524 2932
736 215 780 248 87

178 318 343 360 quantum
366 316 456 352 voles
481 319 624 364 corripe,
650 320 684 352 et
708 318 746 352 in
768 329 875 352 unum
897 317 985 352 diem
1011 329 1093 364 coge
1119 330 1125 350 :
1151 329 1254 363 aeque
1274 316 1335 351 ho-

177 394 274 428 nfflta
294 395 354 428 est.
377 414 426 420 —
449 394 542 442 Ergo
567 405 670 440 aeque
693 393 790 429 beata
810 395 890 428 est''.

226 468 430 506 Plutarchus
456 483 534 506 vero
558 470 641 505 huic
663 469 847 516 Chrysippi
871 469 998 516 placito
1009 481 1196 517 repugnare
1204 470 1338 516 judicat

177 550 230 594 id,
262 551 353 599 quod
381 551 471 587 idem
504 551 586 587 alibi
612 551 825 593 enunciavit,
849 561 969 598 nempe
994 563 1001 586 :
1027 551 1096 586 οὔτε
1123 554 1191 586 πᾶν
1218 549 1338 598 ἀγαθὸν

176 631 287 674 ἐπίσης
316 634 357 675 εἰς
386 633 498 683 χαρὰν
526 633 652 680 πίπτει,
679 633 748 668 οὔτε
763 636 833 669 πᾶν
847 631 1039 682 κατόρθωμα
1058 631 1101 673 εἰς
1115 630 1335 680 σεμνολογίαν·

178 715 232 751 καὶ
260 716 347 765 γὰρ,
380 715 408 751 εἰ
434 716 527 764 μόνον
554 713 663 763 μέλλοι
693 715 798 764 ἀμερῆ
821 715 937 765 χρόνον
968 714 988 753 ἢ
1012 713 1064 750 τὸν
1090 715 1230 762 ἔσχατον
1256 711 1337 757 ἕξειν

177 800 343 848 φρόνησιν,
383 793 450 833 οὐδ’
494 796 536 832 ἂν
564 796 616 833 τὸν
645 794 804 834 δάκτυλον
831 796 963 836 καθήκοι
996 796 1130 833 ἐκτεῖναι
1160 798 1250 833 ἕνεκα
1284 801 1339 837 τῆς

178 881 257 916 οὕτω
286 879 500 929 παρεσομένης
527 882 702 928 φρονήσεως
716 880 780 926 (1).
833 879 964 918 nQuasi
989 882 1104 922 vero'⁷‚
1129 880 1244 926 inquit
1255 880 1339 914 Plu-

177 957 332 999 tarchus,
360 955 520 1003 ulongius
540 957 673 1003 tempus
697 954 788 991 nihil
808 955 911 991 addat
930 955 1103 1000 felicitati,
1133 969 1243 1004 neque
1263 956 1340 993 bea-

178 1033 294 1068 titudo
320 1033 521 1079 sempiterna
545 1033 653 1080 magis
675 1033 721 1068 sit
747 1034 932 1080 expetenda
956 1047 1056 1080 quam
1078 1048 1163 1081 quae
1174 1039 1341 1083 punctum

178 1110 339 1157 temporis
363 1109 503 1145 durew
536 1109 655 1156 quue
676 1109 874 1146 absurdiora
895 1110 976 1146 haec
997 1123 1068 1147 esse
1081 1115 1210 1156 censet,
1235 1125 1340 1159 quum

178 1198 196 1221 e
229 1186 422 1221 Stoicorum
456 1185 612 1221 doctrina
636 1186 746 1221 virtus
771 1189 804 1221 et
828 1186 974 1222 felicitas
997 1200 1015 1222 a
1040 1200 1076 1223 se
1098 1190 1246 1225 invicem
1270 1203 1340 1226 non

177 1263 310 1311 possint
328 1262 477 1309 sejungi,
502 1261 561 1297 sed
582 1261 714 1297 eaedem
735 1262 803 1297 fere
822 1262 996 1298 habendae
1020 1263 1100 1299 sint.
1138 1264 1340 1304 uQuomodo

177 1340 286 1387 igitur
309 1351 381 1374 non
401 1340 557 1386 pugnant
577 1337 659 1373 haec
684 1338 781 1374 ambo
807 1352 813 1373 :
839 1339 1037 1375 felicitatem
1058 1342 1161 1377 unius
1178 1344 1340 1379 momenti

178 1417 348 1464 aequalem
370 1428 441 1451 esse
466 1417 702 1463 sempiternae,
728 1418 828 1463 atque
852 1416 1063 1461 felicitatem,
1084 1431 1169 1465 quae
1189 1433 1339 1457 momen-

177 1496 252 1528 tum
275 1492 388 1535 duret,
412 1491 543 1527 nullius
568 1504 639 1527 esse
659 1492 804 1538 pretii?''

227 1569 340 1604 Unice
373 1568 415 1603 ad
453 1567 518 1602 hoc
548 1568 811 1604 animadvertere
821 1571 1000 1628 sufficiat,
1033 1572 1070 1606 in
1100 1572 1204 1608 altero
1229 1573 1339 1621 Chry-

178 1647 267 1694 sippi
300 1647 400 1681 effato
433 1646 489 1693 agi
527 1645 568 1680 de
600 1644 763 1681 felicitate
799 1658 858 1692 per
893 1658 929 1681 se
961 1650 1125 1693 spectata,
1162 1650 1200 1685 in
1233 1650 1339 1687 altero

177 1735 255 1759 vero
286 1722 328 1757 de
359 1721 537 1764 felicitate,
561 1723 730 1767 quatenus
743 1720 951 1757 »hominibus
976 1724 1189 1760 commodum
1214 1727 1339 1762 afferat.

177 1799 339 1835 Felicitas
377 1797 541 1833 brevioris
574 1798 734 1844 temporis
764 1798 878 1833 minus
916 1798 1063 1845 optanda
1097 1803 1148 1836 est
1181 1802 1341 1838 omnibus

178 1888 280 1922 quam
300 1886 385 1921 quae
405 1873 543 1920 longius
569 1873 684 1915 duret,
710 1876 744 1908 et
768 1873 914 1909 felicitas
938 1875 1042 1909 unius
1066 1878 1228 1912 momenti
1245 1878 1342 1913 nulla

175 1954 244 1990 fere
276 1955 328 1988 est
357 1949 519 1988 habenda.
578 1950 731 1997 Utraque
763 1952 876 1987 tamen
912 1963 982 1987 non
1021 1951 1133 1988 differt
1162 1953 1271 2002 gradu
1308 1958 1342 1990 et

217 2175 257 2209 (l)
277 2173 322 2201 De
344 2172 431 2200 Stoic.
455 2171 585 2207 Repugn.
606 2181 635 2207 p.
663 2174 732 2199 1046
755 2172 794 2199 D.
833 2172 878 2199 De
909 2172 1029 2199 dictione
1059 2170 1170 2199 πίπτειν
1193 2171 1231 2204 εὶς
1262 2176 1337 2202 conf.

179 2232 294 2260 Passow
316 2232 347 2259 in
365 2239 434 2259 voce
452 2228 562 2257 πίπτω.
584 2246 619 2251 -
639 2231 744 2264 Verba,
764 2239 834 2266 quae
854 2234 1009 2265 sequuntur
1027 2228 1128 2267 καίπερ
1140 2247 1176 2251 -
1187 2228 1339 2270 ἀμεριαίαν

177 2292 242 2311 cum
267 2283 409 2316 Hiitteno,
439 2281 657 2316 Wyttenbachio
680 2285 708 2308 et
726 2281 859 2308 Diibnero
878 2289 936 2308 nou
959 2279 1113 2316 Chrysippi
1129 2282 1178 2309 sed
1196 2282 1340 2310 Plutarchi

179 2341 306 2369 habenda
329 2345 404 2368 sunt.
444 2339 487 2367 Dc
508 2340 622 2374 Epicuri
645 2340 761 2374 placito,
792 2338 866 2373 quod
885 2339 914 2365 h.
936 2338 956 2365 1.
977 2343 1148 2367 memoratur
1169 2349 1175 2365 :
1197 2337 1248 2369 τὴν
1272 2338 1340 2378 φρό-

178 2408 257 2427 νησιν
282 2394 429 2428 ποιητικὸν
454 2392 524 2424 εἶναι
548 2398 598 2428 τῆς
620 2393 804 2434 εὐδαιμονίας
825 2398 900 2425 conf.
921 2397 1054 2433 Delprat,
1075 2398 1118 2425 l..l
1147 2407 1174 2434 p.
1194 2402 1222 2426 9.
