1524 2932
729 215 772 248 73

172 316 260 352 illud
285 317 409 364 poterit
432 316 527 353 locus
557 317 647 365 apud
672 315 870 351 Ciceronem
905 317 958 363 (1)
983 329 989 354 ;
1019 315 1108 351 used
1133 301 1333 362 quamquam

174 394 302 441 negant
340 393 477 442 (Stoici)
515 405 578 430 nec
614 394 759 430 virtutes
795 404 859 427 nec
896 393 982 428 vitia
1016 405 1176 437 crescere,
1222 397 1335 429 tamen

173 471 354 517 utrumque
386 482 501 506 eorum
534 469 635 505 fundi
677 467 824 515 quodam
860 468 960 503 modo
994 471 1028 504 et
1060 470 1158 515 quasi
1200 469 1334 505 dilatari

173 547 326 593 putant.''
384 546 439 582 Ex
471 545 536 581 hoc
569 544 646 580 loco
683 547 717 580 et
750 556 791 579 ex
823 544 883 586 iis,
920 555 1006 590 quae
1042 547 1140 579 antea
1168 544 1208 579 de
1231 544 1333 592 hujus

173 623 334 670 paradoxi
365 622 644 670 interpretatione
686 621 950 668 disputavimus,
987 623 1080 668 patet
1114 634 1183 656 non
1219 634 1334 657 neces-

171 701 258 736 sario
285 700 395 746 sequi,
433 697 662 745 Chrysippum
699 698 737 732 in
770 696 824 732 his
862 697 928 732 sibi
965 708 1159 744 repugnare.
1210 696 1332 732 Virtus

168 776 272 820 enim,
308 776 391 811 licet
415 786 543 822 semper
575 774 689 809 eadem
725 773 904 816 habeatur,
940 775 1053 820 potest
1076 775 1189 808 tamen
1221 772 1331 821 ma'gis

168 858 325 893 minusve
349 858 387 892 in
420 856 521 892 factis
551 859 698 898 exstare,
732 858 765 890 et
795 854 860 890 hoc
885 854 1022 900 quidem
1048 867 1148 890 sensu
1181 853 1329 898 αὔξεσθαι

167 937 220 974 καὶ
249 936 445 985 διαβαίνειν.

214 1014 336 1060 Neque
360 1013 458 1049 nobis
484 1013 617 1049 obstare
641 1015 754 1061 potest
779 1012 962 1061 Chrysippi
976 1013 1105 1049 dictum
1120 1027 1126 1048 :
1143 1013 1194 1061 (2)
1218 1013 1328 1049 uCum

167 1101 228 1125 sua
249 1090 372 1136 cuique
396 1090 521 1125 virtuti
542 1090 676 1137 propria
696 1090 767 1125 sint
787 1102 941 1133 munera,
966 1102 1080 1125 eorum
1101 1093 1214 1125 tamen
1226 1103 1328 1137 quae-

166 1165 242 1201 dam
275 1178 346 1201 esse
370 1166 613 1213 praestantiora
649 1166 741 1210 aliis,
775 1169 875 1213 atque
905 1166 987 1202 adeo
1024 1166 1187 1213 quaedam
1220 1169 1328 1215 magis

166 1254 238 1277 esse
263 1242 367 1289 digna
391 1254 476 1288 quae
502 1242 714 1277 laudentur”.
777 1242 872 1278 Haec
898 1254 977 1278 vero
1004 1242 1215 1290 Chrysippus
1246 1243 1326 1279 dum

164 1317 323 1365 exemplis
345 1317 516 1353 iflustrare
536 1318 667 1361 studet,
679 1317 763 1353 talia
780 1319 891 1361 affert,
911 1330 996 1365 quae
1016 1320 1123 1354 risum
1143 1319 1325 1355 adversarii

163 1404 234 1428 non
258 1405 391 1429 movere
424 1405 495 1428 non
520 1394 669 1440 possint,
705 1395 739 1428 et
763 1393 969 1429 Plutarchus
993 1393 1082 1430 hanc
1115 1396 1324 1431 occasionem

163 1470 319 1506 Stoicum
348 1470 514 1506 irridendi
551 1483 621 1505 non
654 1470 814 1519 neglexit.
877 1470 948 1507 Hic
977 1472 1067 1507 enim
1092 1471 1133 1507 de
1158 1472 1325 1507 factismi-

163 1547 258 1582 noris
290 1547 469 1590 momenti,
495 1549 642 1583 attamen
672 1560 690 1582 e
719 1548 848 1583 virtute
879 1548 1040 1595 profectis
1070 1561 1189 1597 agens,
1226 1549 1322 1585 locu-

160 1627 217 1659 tus
238 1626 289 1659 est
311 1624 352 1659 de
372 1623 517 1670 quodam
530 1624 681 1671 sortiter
703 1623 851 1672 digitum
871 1624 1088 1668 extendente,
1113 1626 1322 1661 continenter

109 1697 116 1702 “
161 1713 179 1736 a
201 1699 316 1736 vetula
336 1699 538 1736 moribunda
559 1699 765 1743 abstinente,
790 1699 923 1735 similia.
974 1700 1082 1739 Quasi
1095 1700 1138 1735 ad
1149 1700 1232 1736 talia
1244 1713 1320 1748 per-

158 1778 321 1827 petranda
345 1790 429 1826 opus
455 1781 542 1814 esset
563 1777 937 1822 virtute,fortitudine,
950 1778 1179 1814 continentia!
1213 1778 1319 1815 Vitu-

159 1861 327 1910 perandus
340 1861 551 1908 Chrysippus
563 1860 646 1897 talia
671 1860 722 1908 (3)
747 1860 863 1896 dicens
888 1858 1106 1909 συμβαίνοντα
1122 1856 1181 1897 ἀπ’
1192 1860 1319 1910 ἀρετῆς,

159 1938 217 1974 sed
238 1939 339 1975 etiam
359 1937 565 1974 Plutarchus
586 1936 895 1985 reprehendendus,
908 1938 969 1984 qui
978 1939 1078 1987 putet
1091 1937 1318 1986 Chrysippum

197 2187 236 2222 (1)
256 2186 301 2214 De
323 2186 439 2213 Finibus
459 2186 534 2214 Bon.
554 2190 582 2214 et
603 2185 674 2213 Mal.
698 2186 756 2214 III.
780 2195 805 2213 c.
826 2188 868 2212 15.

199 2239 239 2275 (2)
260 2237 347 2274 Apud
365 2238 549 2266 Plutarchum
566 2238 611 2265 1.1.
631 2247 661 2273 p.
684 2240 753 2265 1038
775 2237 811 2264 F.

197 2291 237 2327 (3)
256 2290 334 2318 Plut.
356 2290 400 2318 l.1.
421 2299 450 2325 p.
477 2293 546 2317 1039
565 2289 600 2318 C.
621 2289 697 2317 haud
716 2288 858 2316 immerito
878 2287 1000 2315 ostendit
1018 2295 1053 2314 ex
1068 2287 1153 2314 allato
1169 2287 1320 2322 Chrysippi

157 2350 259 2386 placito
281 2360 287 2376 ε
320 2344 352 2377 τὸ
376 2343 483 2385 ἀγαθόν
506 2344 637 2385 αἱρετόν,
662 2356 689 2374 κ,
715 2356 741 2374 τ.
769 2343 796 2373 λ.
830 2352 903 2375 caste
936 2357 955 2375 a
985 2348 1077 2376 vetula
1108 2349 1245 2376 abstinere
1279 2358 1321 2376 se-

159 2401 283 2429 cundum
305 2409 370 2428 eum
393 2400 474 2427 laude
497 2399 613 2434 dignum
635 2407 705 2426 esse.
