1524 2932
737 183 782 216 82

176 287 395 330 reputaturus
421 287 487 327 est,
512 297 547 319 se
568 285 704 319 unicam
728 285 880 320 amisisse
893 279 1106 322 drachmamff'
1122 292 1185 335 (1).
1224 288 1343 333 Quod,

175 369 213 403 ni
238 368 352 411 fallor,
382 381 401 403 e
424 368 618 404 Stoicorum
643 365 756 403 mente
780 369 830 403 ita
854 368 1094 419 egrplicandum
1119 373 1180 406 est.
1231 370 1344 408 Ceteri

175 450 345 495 homines,
378 464 484 498 quum
519 451 659 488 divitias
692 451 841 487 maximo
866 451 1013 487 habeant
1037 452 1146 500 pretio
1172 454 1209 488 in
1234 454 1346 501 iisque

176 546 345 570 summum
368 535 434 571 sibi
455 537 585 582 ponant
606 535 748 577 bonum,
773 533 864 569 haud
887 546 984 582 aegre
999 535 1138 582 quidem
1159 536 1291 581 ferunt,
1316 538 1346 573 si

175 618 312 653 unicam
339 618 515 653 amiserint
549 617 755 661 drachmam,
791 630 922 654 summo
945 630 1024 655 vero
1050 618 1164 655 dolore
1189 620 1345 656 afficiun-

173 700 247 740 tur,
285 699 315 733 si
341 698 566 744 amplissimae
590 711 668 745 opes
704 700 748 734 iis
773 699 969 745 eripiantur.
1021 701 1103 735 Non
1128 701 1179 736 ita
1200 702 1342 748 sapiens.

175 779 246 815 Hic
270 780 362 815 enim
384 780 548 815 virtutem
573 792 742 815 summum
774 779 901 816 habens
938 780 1081 824 bonum,
1106 782 1244 828 ejusque
1267 794 1345 829 pos-

175 863 358 898 sessionem
395 863 462 899 sibi
491 865 601 898 tutam
627 875 699 898 esse
724 863 851 906 sciens,
892 875 996 909 aequo
1030 863 1142 899 animo
1173 875 1252 911 opes
1277 864 1344 900 sibi

173 949 303 993 ereptas
329 947 533 993 conspiciet,
559 959 667 992 neque
691 946 758 981 alio
778 946 879 982 modo
908 947 1088 990 afficietur,
1113 958 1214 993 quam
1226 944 1344 995 φαῦλος

173 1028 239 1063 iste
264 1028 294 1062 si
316 1027 454 1062 unicam
480 1027 631 1062 amiserit
653 1026 855 1062 drachmam.

221 1108 429 1144 Plutarchus
454 1121 533 1144 vero
557 1109 640 1144 haec
665 1109 766 1145 verba
793 1109 843 1143 ita
868 1110 1037 1156 accepisse
1061 1110 1213 1153 videtur,
1246 1111 1343 1156 quasi

174 1189 387 1238 Chrysippus
418 1190 616 1234 contendat,
658 1189 803 1237 sapienti
837 1202 915 1237 opes
940 1189 1072 1226 nullius
1102 1192 1242 1226 omnino
1272 1203 1343 1227 esse

173 1267 274 1313 pretii
315 1267 379 1314 (2).
404 1283 407 1286 ⁴
448 1265 694 1313 Philosophum
736 1266 845 1314 igitur
887 1266 953 1301 sibi
986 1278 1192 1314 repugnasse
1225 1269 1343 1314 putat,

174 1355 280 1389 quum
306 1343 389 1379 alibi
414 1344 560 1391 sapienti
584 1343 784 1391 praecipiat,
810 1342 978 1389 quomodo
1003 1342 1224 1391 sophisticam
1237 1346 1343 1380 artem

173 1433 332 1456 exercens
355 1433 374 1456 a
396 1420 576 1468 discipulis
600 1420 774 1455 commode
798 1420 984 1455 mercedem
1008 1421 1123 1468 exigat
1139 1422 1202 1468 (3).
1240 1421 1342 1456 Prae-

174 1499 309 1544 ceptum
333 1496 422 1531 illud
445 1497 514 1531 huc
534 1496 623 1531 redit
642 1509 648 1530 :
682 1496 822 1542 Sapiens
847 1496 889 1530 ab
914 1496 1072 1531 omnibus
1098 1496 1276 1543 discipulis
1299 1509 1344 1532 ne

175 1573 289 1608 eadem
322 1574 455 1608 ratione
483 1571 669 1608 mercedem
707 1574 840 1618 poscat;
872 1573 901 1607 si
927 1572 1068 1619 poterit,
1094 1585 1165 1608 eam
1199 1556 1344 1620 accipiat

173 1652 324 1696 tempore
366 1648 573 1690 constituto,
610 1647 892 1694 quemadmodum
926 1649 959 1682 et
997 1647 1063 1682 sibi
1101 1650 1135 1683 et
1173 1648 1342 1695 discipulo

174 1727 313 1773 optime,
328 1726 524 1768 conveniet3
550 1725 610 1771 qui
635 1726 749 1759 tamen
774 1723 895 1759 modus
921 1725 985 1759 etsi
1012 1723 1208 1768 humanior,
1231 1720 1342 1761 mirio-

174 1814 243 1838 rem
269 1815 288 1837 a
310 1802 432 1837 damno
466 1801 568 1837 habet
596 1801 798 1836 cautionem.
862 1800 998 1835 Licebit
1018 1812 1098 1848 ergo
1125 1801 1286 1848 sapienti,
1312 1803 1342 1837 si

161 1868 399 1914 “necessarium
420 1880 534 1924 putet,
561 1877 677 1912 statim
698 1888 805 1922 quum
828 1875 1017 1923 discipulus
1039 1889 1074 1912 se
1095 1877 1125 1911 ei
1146 1876 1342 1921 tradiderit,

211 2068 251 2102 (1)
271 2067 350 2095 Plut.
371 2066 416 2093 1.l.
439 2074 468 2101 p.
492 2067 562 2091 1043
582 2065 616 2091 F.

212 2127 251 2162 (2)
275 2120 319 2152 Τὰ
340 2121 509 2163 προηγμένα
527 2133 587 2153 non
610 2132 670 2152 esse
689 2120 797 2157 ἀνάξια
816 2122 971 2151 secundum
1000 2121 1161 2150 Stoicorum
1186 2123 1342 2151 doctrinam

172 2186 258 2212 supra
279 2177 454 2204 moqumus.
476 2176 557 2211 (vid.
580 2184 665 2211 supra
687 2184 717 2210 p.
737 2175 797 2209 41).

212 2228 252 2262 (3)
273 2227 345 2254 Tres
366 2227 437 2254 lueri
458 2226 579 2254 faciendi
604 2226 703 2253 modos
731 2225 851 2260 sapienti
875 2228 986 2259 ponunt
1007 2223 1095 2251 Stoici
1119 2234 1126 2250 z
1148 2232 1163 2251 e
1181 2233 1285 2259 regno,
1306 2233 1342 2252 ex

172 2280 288 2312 amicis,
318 2287 355 2306 ex
385 2282 444 2306 arte
472 2277 641 2314 Sophistica.
682 2276 823 2304 Nonnulli
841 2284 909 2304 vero
932 2283 1029 2303 eorum
1051 2274 1125 2302 infra
1147 2274 1341 2311 philosophiae

173 2330 339 2366 dignitatem
372 2330 541 2364 censebant,
568 2329 593 2356 si
620 2328 748 2356 mercede
777 2327 841 2363 quis
870 2326 1077 2362 philosophiam
1100 2326 1220 2355 doceret.
1254 2326 1340 2356 Conf.

174 2381 359 2413 Plutarchus,
379 2379 423 2406 l.1.
444 2389 473 2414 p.
500 2382 570 2406 1043
597 2379 633 2406 E.
674 2379 811 2407 Stobaeus
830 2378 874 2406 1.l.
897 2387 925 2413 p.
947 2380 1001 2405 224
1025 2386 1067 2412 sq.
