1524 2932
739 236 783 270 23

182 336 292 372 citura
324 337 517 382 videantur,
542 339 708 382 evitandi,
733 341 767 374 et
793 334 919 381 omnia,
945 350 1029 387 quae
1054 338 1124 373 sint
1151 337 1193 372 ad
1218 338 1334 374 viven-

183 413 264 448 dum
289 415 493 458 necessaria,
514 415 707 451 adhibendi.

231 487 332 525 Hanc
354 490 600 537 proclivitatem
626 503 661 526 se
685 501 851 539 suumque
874 492 1001 525 statum
1030 489 1251 524 conservandi
1275 488 1338 524 ho-

181 564 266 600 mini
286 577 357 602 esse
377 579 585 602 communem
606 578 684 601 oum
705 565 862 601 omuibus
882 564 1078 601 animalium
1099 567 1133 600 et
1146 564 1337 612 plantarum

180 642 373 689 generibus,
405 642 618 690 perspicuum
647 644 707 677 est.
756 641 900 677 Homini
925 654 1018 685 vero,
1043 653 1149 690 quum
1173 654 1193 676 a
1216 643 1339 676 natura

181 727 259 763 prae
294 716 338 752 iis
373 717 537 752 rationem
573 716 755 764 acceperit,
790 728 917 753 novum
954 716 1103 752 officium
1139 716 1337 764 imponitur.

181 799 292 836 Nobis
316 800 406 836 enim
442 799 518 847 (τοῖς
546 797 697 848 λογικοῖς)
733 799 811 835 data
834 802 885 835 est
909 799 997 835 ratio
1029 798 1113 834 κατὰ
1144 797 1337 847 τελειοτέραν

181 882 394 932 προστασίαν,
439 880 473 918 τὸ
503 881 587 918 κατὰ
622 880 715 931 λόγον
751 884 812 930 ζῇν
848 880 946 931 ὀρθῶς
981 879 1121 929 γίνεσθαι
1155 881 1218 920 τοῖς
1252 880 1337 915 κατὰ

179 963 285 1013 φύσιν.
342 963 498 1012 Τεχνίτης
514 963 581 1013 γάρ
594 959 680 1004 οὗτος
695 962 868 1012 ἐπιγίνεται
887 967 941 1004 τῆς
959 962 1069 1012 ὁρμῆς.
1121 962 1216 998 Haec
1228 962 1338 1009 Chry-

181 1041 308 1088 sippus,
328 1043 474 1076 testante
486 1040 640 1088 Diogene
651 1040 788 1075 Laertio
803 1040 866 1087 (1).
891 1039 1080 1074 Audiamus
1094 1038 1316 1074 Plutarchum
1331 1052 1337 1073 :

181 1119 237 1156 καὶ
276 1122 339 1170 μὴν
367 1122 387 1161 ἡ
424 1121 523 1171 ὁρμὴ,
561 1123 646 1157 κατά
671 1117 701 1170 y'
737 1120 848 1167 αὑτὸν,
874 1122 928 1156 τοῦ
955 1119 1123 1169 ἀνθρώπου
1154 1119 1245 1169 λόγος
1272 1119 1339 1156 ἐστὶ

179 1202 406 1252 προστακτικὸς
431 1200 517 1253 αὐτῷ
543 1206 598 1239 τοῦ
625 1203 737 1239 ποιεῖν.
788 1203 928 1238 Rationi
954 1203 1062 1250 igitur
1085 1202 1250 1238 humanae
1274 1202 1340 1237 hoc

180 1283 231 1315 est
255 1281 481 1328 propositum,
504 1283 544 1316 ut
568 1281 642 1328 ipsa
666 1292 743 1316 cum
764 1280 935 1315 communi
955 1282 1076 1316 natura
1101 1281 1279 1316 conveniat
1304 1284 1338 1316 et

182 1358 231 1393 ita
254 1357 422 1393 hominem
448 1360 547 1405 cogat
572 1357 758 1393 seeundum
782 1357 876 1393 illam
901 1357 1022 1393 vivere.
1072 1358 1128 1393 Ita
1151 1358 1219 1393 fere
1242 1358 1338 1405 cogi-

181 1443 269 1475 tasse
289 1440 424 1475 videtur
453 1439 673 1487 Chrysippus,
697 1439 818 1475 Jovem
850 1440 921 1486 (τὴν
947 1440 1054 1478 κοινὴν
1082 1439 1188 1488 φύσιν)
1221 1440 1337 1477 dicens

181 1517 266 1565 legis
298 1519 474 1565 perpetuae
506 1519 540 1552 et
569 1520 719 1552 aeternae
743 1517 827 1559 vim,
852 1528 937 1565 quae
961 1517 1057 1564 quasi
1081 1516 1151 1552 dux
1180 1517 1270 1552 vitae
1298 1530 1338 1553 ac

181 1593 341 1641 magistra
361 1594 547 1628 officiorum
572 1593 618 1628 sit
644 1593 708 1639 (2).
757 1593 932 1641 Tanquam
957 1605 998 1628 ex
1023 1593 1117 1629 illius
1141 1597 1253 1630 mente
1277 1594 1338 1630 Ci-

182 1681 257 1705 cero
283 1682 290 1704 :
318 1669 374 1716 (de
393 1666 542 1716 Legibus
567 1669 617 1703 II.
642 1680 671 1704 c.
701 1669 738 1716 4)
768 1669 898 1711 uLex‚'’
936 1669 1067 1717 inquit,
1102 1682 1203 1705 nvera
1236 1673 1337 1719 atque

181 1746 351 1793 princeps,
376 1747 453 1792 apta
477 1744 519 1780 ad
536 1744 723 1791 jubendum
744 1747 778 1780 et
799 1745 841 1780 ad
859 1744 1057 1788 vetandum,
1070 1746 1156 1781 ratio
1181 1749 1233 1782 est
1245 1749 1337 1783 recta

178 1823 300 1859 summi
325 1822 348 1857 J
350 1822 452 1859 ovis.''

230 1900 351 1936 Virtus
373 1912 392 1934 a
411 1899 616 1946 Chrysippo,
641 1898 920 1947 quemadmodum
952 1912 971 1934 a
988 1900 1106 1934 ceteris
1124 1899 1265 1943 Stoicis,
1295 1901 1337 1936 ad

182 1985 237 2022 τὴν
269 1983 375 2022 κοινὴν
402 1981 494 2032 φύσιν
526 1983 667 2018 refertur
692 1996 699 2016 z
733 1980 800 2017 ἴσον
832 1979 897 2016 ἐστὶ
940 1980 975 2016 τὸ
1011 1977 1081 2017 κατ’
1126 1982 1242 2031 ἀρετὴν
1278 1985 1338 2030 ζῇν

181 2067 226 2112 τῷ
255 2061 323 2100 κατ’
355 2064 521 2114 ἐμπειρίαν
548 2067 612 2100 τῶν
639 2064 728 2112 φύσει
746 2061 984 2112 συμβαινόντων
1003 2066 1063 2112 ζῇν
1089 2066 1152 2112 (3).
1203 2066 1338 2106 Quibus

219 2281 257 2316 (1)
277 2279 343 2307 Lib.
366 2278 435 2305 VII.
456 2278 472 2312 ξ
491 2280 536 2305 86.
572 2277 651 2304 Plut.
673 2277 707 2304 de
726 2276 811 2304 Stoie.
833 2276 965 2312 Repugu.
987 2285 1014 2312 p.
1038 2278 1105 2304 1037
1127 2278 1161 2304 F.

218 2332 258 2366 (2)
278 2330 379 2358 Cleero
397 2330 431 2357 de
446 2329 512 2356 Nat.
530 2329 615 2356 Deor.
637 2329 661 2355 I.
683 2330 727 2355 15.
767 2328 851 2356 Conf.
869 2328 954 2364 Diog.
973 2328 1007 2355 L.
1029 2329 1094 2356 Lib.
1115 2329 1184 2356 VII.
1205 2332 1220 2364 ξ
1240 2333 1300 2358 128.

219 2383 260 2416 (3)
279 2381 364 2416 Diog.
395 2380 430 2406 L.
450 2379 514 2406 Lib.
537 2379 605 2406 VII.
623 2380 638 2413 ἓ
658 2381 703 2406 87.
742 2378 825 2406 Cons.
847 2379 925 2406 Stob.
948 2379 1009 2406 Ecl.
1034 2380 1101 2406 Eth.
1122 2381 1163 2406 11.
1185 2389 1212 2415 p.
1237 2384 1288 2408 108
1312 2388 1339 2408 et

179 2441 206 2467 p.
231 2435 291 2459 134.
318 2447 351 2452 -
372 2430 470 2459 Cicero
483 2449 490 2463 ,
511 2430 545 2458 de
563 2430 671 2465 legibus
691 2428 716 2457 1.
737 2438 759 2461 0,
778 2433 816 2458 8:
857 2429 971 2464 „Est,’'
1003 2430 1108 2466 inquit,
1130 2431 1245 2467 „virtus
1268 2432 1340 2460 nihil
