1524 2932
757 171 777 202 3

187 271 465 319 quemadmodum
502 283 612 308 coram
649 271 844 319 judicibus,
882 270 1125 319 disputandum
1160 283 1239 306 esse.
1303 270 1346 306 Id

190 350 262 397 ipse
281 350 389 397 egisse
409 349 558 393 videtur,
580 350 661 385 dum
681 349 845 396 magistro
862 347 1021 383 utebatur
1037 347 1201 383 Cleanthe
1227 361 1233 382 :
1259 346 1351 382 hunc

189 426 280 462 enim
316 438 432 474 rogare
465 426 608 468 solebat,
641 428 681 461 ut
715 425 872 472 dogmata
904 427 1040 460 tantum
1064 424 1131 460 sibi
1155 427 1351 471 exponeret,

190 503 262 549 ipse
294 506 504 550 argumenta,
540 502 664 548 quibus
699 514 736 536 ea
768 502 974 543 niterentur,
1011 501 1224 536 inventurus,
1274 500 1353 539 Quo

191 577 319 613 factum
352 581 417 621 est,
450 581 490 613 ut
523 576 631 611 multa
665 576 856 618 dissereret,
892 588 977 622 quae
1002 576 1092 611 inter
1130 588 1166 610 se
1201 576 1356 622 opposita

191 656 316 696 essent,
341 657 375 689 et
403 652 502 689 facile
534 664 649 687 ansam
678 651 849 698 praeberet
873 651 1055 694 Carneadi,
1080 651 1188 698 ipsius
1214 650 1354 697 placita,

191 732 368 776 postquam
389 727 636 776 philosophiam
658 728 775 763 docere
795 741 972 776 aggressus
990 731 1076 771 erat,
1100 728 1274 763 refellendi
1290 729 1354 775 (1)

191 806 242 840 Iis
266 818 360 848 vero,
385 805 444 851 qui
466 807 590 840 certam
610 804 800 840 doctrinam
822 804 1001 852 discipulis
1014 804 1143 840 vellent
1155 816 1355 852 proponere,

192 895 262 917 non
283 886 405 917 temere
424 882 571 916 rationes
594 882 779 916 contrarias
798 881 1025 916 admittendas
1046 894 1117 917 esse
1138 882 1357 916 existimavit.

240 958 379 997 Quanta
403 970 478 992 eum
503 959 717 994 veneratione
737 960 907 1007 prosecuti
936 961 1007 996 sint
1033 960 1210 1009 discipuli,
1235 962 1355 1007 quanti

192 1046 269 1069 eum
293 1035 410 1070 fecerit
434 1036 507 1070 tota
527 1035 594 1070 fere
614 1036 815 1082 antiquitas,
839 1035 1031 1072 luculenter
1052 1037 1177 1072 docent
1197 1038 1357 1083 antiquo-

192 1124 267 1147 rum
291 1112 494 1147 toetimonia.
544 1112 691 1148 Aeneam
719 1113 901 1162 imaginem
921 1114 952 1149 ei
978 1115 1094 1162 posuit
1120 1115 1359 1159 Aristocreon,

196 1188 384 1235 discipulus
408 1189 480 1234 ejus
505 1201 544 1223 ac
568 1188 758 1232 familiaris,
783 1190 960 1237 inscriptis
980 1189 1035 1225 his
1057 1190 1235 1225 versiculis
1259 1191 1335 1237 (2):

335 1303 437 1340 Τόνὸε
465 1307 531 1340 νέον
552 1306 747 1354 Χρύσιππον
775 1303 1009 1355 Ἀριστοκρέων
1037 1307 1169 1348 ἀνέθηκε

387 1388 462 1423 Τῶν
490 1382 751 1435 Ἀκαδημιακῶν
777 1385 1026 1438 στραγγαλίδων
1054 1386 1186 1425 κοπίδα.

200 1485 383 1521 Ferebatur
409 1485 450 1520 de
470 1497 508 1520 eo
533 1484 591 1520 hic
616 1497 732 1521 versus
756 1500 761 1519 :

335 1589 379 1625 Εἰ
405 1590 450 1636 μὴ
479 1589 545 1637 γὰρ
573 1586 611 1626 ἧν
641 1589 849 1638 Χρύσιππος,
880 1588 936 1624 οὐκ
964 1589 1006 1623 ἂν
1035 1587 1073 1627 ἦν
1102 1590 1201 1625 Στοά.

247 1701 366 1736 Cicero
396 1700 445 1735 sic
473 1699 513 1735 de
542 1711 580 1734 eo
601 1701 745 1735 testatur
771 1713 777 1735 ι
806 1699 1040 1746 uChrysippus
1073 1699 1194 1735 fulcire
1219 1703 1359 1747 putatur

200 1778 368 1826 porticum
402 1777 592 1812 Stoicorum
600 1779 628 1819 ,⁸⁷
662 1780 761 1812 vocat
794 1789 870 1812 eum
898 1776 1090 1812 ›shominem
1120 1780 1294 1813 versutum
1328 1783 1361 1813 et

202 1855 378 1898 callidum,
402 1855 526 1901 quippe
558 1854 655 1901 cujus
682 1854 834 1890 celeriter
870 1867 964 1890 mens
990 1857 1156 1897 versetur,
1183 1855 1362 1901 cujusque,

199 1934 369 1979 tamquam
401 1939 522 1966 manus
546 1942 657 1978 opere,
682 1931 732 1966 sic
767 1931 899 1967 animus
931 1944 997 1967 usu
1032 1931 1273 1968 concalluerit''
1298 1934 1360 1980 (3).

241 2090 280 2125 (1)
299 2088 377 2116 Plut.
402 2088 446 2116 1.l.
466 2097 494 2124 p.
524 2091 593 2116 1036
616 2088 662 2123 A,
682 2089 707 2117 B
727 2093 754 2118 et
773 2088 809 2116 E.
829 2088 928 2117 Cicero
939 2088 1031 2117 Acad.
1046 2088 1163 2124 Quaest.
1180 2090 1222 2118 ΙΙ,
1237 2098 1299 2126 cap.
1316 2092 1361 2118 27.

241 2149 281 2184 (2)
302 2149 379 2176 Plut.
399 2148 442 2175 l.l.
463 2157 491 2183 p.
515 2151 595 2175 1033.
613 2148 650 2175 Ε.
667 2148 753 2183 Diog.
770 2147 806 2175 L.
826 2147 890 2175 Lib.
901 2147 972 2175 VII.
989 2147 1005 2182 ξ
1021 2151 1082 2175 183.
1122 2148 1179 2175 Pro
1198 2145 1280 2175 τόνδε
1303 2148 1362 2176 νέον

203 2211 284 2235 acute
302 2207 434 2233 Reiskius
455 2206 530 2240 conj.
550 2199 628 2231 τόνδ’
655 2201 749 2239 ἐνεὸν,
776 2205 845 2232 hunc
869 2209 966 2232 mutum
990 2204 1185 2242 Chrysippum,
1207 2207 1226 2233 i.
1246 2215 1272 2233 e.
1293 2207 1363 2233 han(-

203 2258 354 2295 Chrysippi
374 2261 504 2286 statuam.

242 2312 281 2346 (3)
301 2310 414 2344 Cicero,
444 2309 535 2337 Aead.
562 2309 602 2335 II.
628 2318 652 2335 c.
678 2312 723 2335 24.
763 2309 806 2335 De
827 2308 894 2335 Nat.
916 2308 1002 2335 Deor.
1025 2309 1080 2334 ΠΙ.
1102 2317 1127 2334 c.
1157 2312 1198 2335 10.
1240 2309 1364 2340 seneca,

208 2362 242 2388 de
264 2361 411 2388 Beneficiis
431 2360 456 2386 Ι.
477 2369 501 2386 e.
527 2363 554 2386 3,

1216 2427 1268 2458 13?
