1524 2932
738 230 781 264 35

173 345 287 369 eorum
313 333 374 381 qui
395 345 503 382 neque
515 332 664 381 'prorsus
689 333 829 381 perfecti
854 343 964 381 neque
989 331 1176 378 imperfecti
1199 330 1334 367 dicendi

156 412 274 452 'sunt,
298 410 388 456 apud
412 422 467 445 eos
489 410 698 445 desideratur
721 410 786 456 (1).

222 484 311 525 Quis
344 498 422 522 vero
454 489 505 522 est
539 487 600 535 qui
632 497 703 521 non
735 484 866 528 videat,
899 496 955 519 eos
979 484 1043 519 hac
1067 485 1105 519 in
1130 496 1165 519 re
1188 484 1338 532 graviter

174 561 303 596 errare?
330 562 418 601 Quis
443 574 513 597 non
538 561 652 603 videt,
674 573 746 595 eam
771 573 842 595 esse
865 559 1041 596 hominum
1062 561 1273 603 varietatem,
1297 563 1339 595 ut

173 650 243 674 non
268 638 310 674 ad
336 638 403 674 duo
431 650 554 687 genera
577 637 693 673 referri
717 637 866 685 possint,
891 637 921 673 si
946 636 1083 686 quidem
1108 635 1190 672 haec
1217 649 1339 685 genera

173 715 223 751 ita
255 718 445 762 ponuntur,
478 716 519 749 ut
549 714 678 761 singuli
711 714 755 749 ad
779 714 979 749 alterutrum
1003 726 1112 762 genus
1133 714 1340 761 pertinentes

174 789 240 826 sibi
272 772 409 838 prorsus
444 788 570 825 similes
600 788 747 825 habendi
772 790 853 825 sint.
902 789 1009 825 Porro
1038 790 1254 837 perspicuum
1287 792 1340 824 est

172 879 244 910 eos,
268 879 353 915 quos
374 867 484 902 Stoici
505 866 548 901 ad
568 878 690 913 genera
707 867 775 902 ista
795 867 963 908 referunt,
987 865 1087 912 plane
1109 865 1230 901 deesse.
1256 866 1339 900 Non

173 942 313 985 adsunt,
337 953 446 989 neque
467 953 627 988 mnqnam
649 941 784 976 adfuere
803 940 957 976 homines
978 941 1132 988 perfecti,
1167 942 1197 976 si
1221 941 1342 976 stricte

172 1019 347 1053 notionem
371 1017 465 1053 verbi
489 1020 620 1061 teneas,
645 1030 754 1065 neque
777 1018 885 1065 magis
907 1017 1007 1060 tales,
1040 1018 1077 1053 in
1095 1017 1221 1066 quibus
1245 1017 1343 1052 nulla

174 1094 284 1131 virtus
309 1107 352 1129 ne
375 1094 516 1130 minima
543 1093 680 1143 quidem
698 1096 864 1129 cernatur.
913 1094 989 1129 Imo
1010 1093 1053 1129 ad
1073 1094 1213 1130 tertium
1233 1106 1343 1142 genus

173 1173 265 1207 inter
285 1174 448 1220 utrosque
464 1172 630 1218 positum,
654 1184 710 1207 eos
725 1171 802 1206 dico
814 1171 984 1214 homines,
1009 1172 1069 1219 qui
1082 1183 1192 1219 neque
1204 1172 1344 1206 omnino

173 1248 317 1283 rationis
341 1248 526 1295 praeceptis
541 1248 771 1296 obsequantur
782 1260 891 1297 neque
904 1248 1064 1283 omnibus
1084 1248 1273 1284 virtutibus
1287 1248 1344 1284 de-

173 1326 291 1361 stituti
312 1326 398 1369 sint,
419 1338 535 1361 omnes
555 1326 671 1361 referri
685 1325 809 1370 debent
824 1326 889 1373 (2).
919 1326 965 1360 In
978 1325 1082 1361 altera
1095 1326 1345 1366 dissertationis

174 1404 270 1449 parte
290 1401 493 1445 videbimus,
514 1401 744 1449 Chrysippum
768 1401 877 1437 multa
898 1401 1085 1437 secundum
1105 1401 1170 1438 hoc
1182 1402 1347 1449 placitum

174 1478 348 1521 statuisse,
383 1489 469 1525 quae
493 1478 577 1513 satis
603 1477 739 1513 defendi
765 1490 836 1513 non
860 1478 1009 1525 possint;
1035 1477 1226 1514 videbimus
1247 1479 1345 1523 item,

174 1554 398 1590 Plutarchum
430 1554 495 1589 hoc
529 1554 724 1601 praesertim
750 1566 860 1590 errore
884 1567 984 1590 usum
1004 1566 1090 1598 esse,
1124 1557 1165 1590 ut
1190 1555 1344 1591 adversa-

174 1631 264 1667 rium
288 1631 412 1666 acriter
430 1632 588 1677 carperet.

212 1762 252 1797 (l)
273 1760 356 1789 Conf.
368 1761 503 1789 Stobaeus
517 1760 653 1788 EclAEth.
664 1761 706 1788 11.
721 1770 750 1796 p.
769 1763 835 1794 198,
855 1764 964 1788 206.—
974 1761 1052 1788 Plut.
1067 1762 1101 1789 de
1111 1761 1196 1790 Stoic.
1208 1762 1339 1798 Repugn.

174 1821 204 1848 p.
233 1814 302 1840 1037
332 1812 371 1839 D.
400 1812 435 1839 de
463 1811 576 1839 Comm.
608 1812 677 1839 Not.
706 1821 735 1847 p.
769 1815 838 1840 1062
860 1812 896 1839 F.
926 1816 954 1839 et
975 1815 1055 1840 1063.
1086 1829 1121 1833 —
1151 1814 1300 1849 Tanquam
1327 1824 1343 1842 e

176 1862 327 1898 Chrysippi
345 1866 440 1890 mente
457 1862 573 1889 Persius
593 1862 652 1890 Sat.
672 1862 712 1890 V.
736 1865 788 1889 120
814 1872 823 1889 t

610 1929 644 1933 -
665 1928 700 1933 -
721 1929 756 1933 -
775 1913 856 1941 nullo
875 1914 957 1941 thure
976 1914 1083 1947 litabis,

395 1965 518 1992 Haereat
535 1965 566 1991 in
586 1964 679 1991 stultis
698 1964 791 1992 brevis
809 1968 842 1991 ut
859 1965 1014 1992 semiuncia
1033 1965 1111 1992 recti.

397 2015 475 2042 Haec
494 2015 611 2042 miscere
630 2015 719 2042 nefas.

214 2066 254 2101 (2)
273 2065 387 2101 „Wenn
408 2066 449 2093 sie
467 2066 512 2093 die
536 2065 657 2100 Tugend
678 2065 738 2092 und
757 2065 856 2093 Laeter
878 2066 909 2092 in
920 2066 1057 2093 abstracto
1077 2066 1197 2094 nehmen
1209 2083 1244 2086 —
1259 2082 1294 2087 -
1309 2083 1343 2087 —

176 2125 208 2144 so
236 2117 328 2144 haben
357 2116 396 2144 sie
424 2116 510 2152 vffllig
538 2116 643 2150 Recht,
673 2124 757 2144 wenn
785 2116 825 2144 sie
854 2116 974 2152 Tugend
997 2117 1056 2144 und
1081 2117 1181 2145 Laster
1202 2118 1244 2146 als
1266 2127 1343 2154 zwey

175 2168 318 2197 Zust‘ande
342 2168 519 2201 betraehten,
549 2168 594 2196 die
617 2167 721 2196 keinen
746 2167 961 2196 Mittelzustand
982 2169 1042 2196 und
1067 2169 1149 2196 keine
1178 2168 1272 2198 Grade
1296 2180 1345 2198 zu-

175 2221 285 2255 lassen3
306 2220 371 2247 aber
389 2219 530 2252 Unrccht,
551 2227 633 2246 wenn
653 2219 693 2246 sie
708 2219 804 2247 diesen
823 2219 905 2252 Satz,
925 2220 975 2246 der
992 2228 1048 2246 nur
1066 2220 1096 2246 in
1115 2221 1254 2248 abstracto
1276 2221 1343 2256 gilt,

175 2271 228 2298 auf
249 2272 299 2298 das
324 2270 468 2297 wirkliche
486 2270 582 2296 Leben
604 2269 776 2302 anwenden‚
796 2270 871 2297 ohne
888 2269 941 2296 auf
952 2269 997 2296 die
1014 2270 1236 2298 verschiedcnen
1250 2270 1344 2299 Grade

177 2322 226 2350 der
246 2321 367 2357 Tugend
386 2321 444 2348 und
463 2320 511 2348 des
530 2319 661 2354 Lasters,
681 2320 726 2348 die
746 2319 946 2356 Abstufungen
969 2320 999 2347 in
1018 2320 1068 2349 der
1089 2320 1233 2355 Reinheit,
1245 2321 1344 2350 Stiirke

177 2375 236 2402 und
255 2374 380 2409 Umfang
401 2373 450 2400 der
472 2373 658 2400 moralischen
682 2371 851 2407 Gesinnung
872 2381 907 2399 zu
920 2371 1049 2399 achten''.
1090 2372 1266 2400 Tenneman.
1287 2373 1307 2400 l.
1323 2374 1343 2401 l.

178 2433 212 2458 p..
233 2427 295 2450 105.
336 2423 419 2451 Conf.
443 2432 471 2457 p.
495 2425 556 2449 133.

1190 2490 1243 2521 3⁹⁶
