1524 2932
763 218 806 250 14

196 327 236 357 ut
256 323 388 358 ratione
408 321 551 368 quadam
569 319 749 368 principali
762 319 948 354 necessario
961 323 1078 356 coacta
1096 324 1196 369 atque
1208 334 1360 358 connexa
1414 323 1417 325 ’

197 400 269 434 sint
285 399 356 434 fato
369 398 496 439 omnia,
508 396 647 444 ingenia
658 399 770 432 tamen
783 396 856 443 ipsa
867 396 1032 431 mentium
1045 400 1236 434 nostrarum
1248 400 1361 446 perin-

196 476 238 511 de
258 478 342 511 sunt
361 476 432 510 fato
445 474 607 517 obnoxia,
631 477 671 509 ut
684 473 868 520 proprietas
880 485 995 508 eorum
1007 475 1059 508 est
1071 474 1145 519 ipsa
1157 477 1191 509 et
1204 476 1358 521 qualitas.

196 553 288 588 Nam
318 553 348 588 si
381 554 463 588 sunt
491 563 550 599 pel·
582 553 738 587 naturam
770 550 929 598 primitus
959 549 1138 586 salubriter
1161 551 1360 599 utiliterque

196 630 291 672 ficta,
316 641 449 664 omnem
478 627 571 663 illam
596 627 682 669 vim,
707 639 791 673 quae
816 626 857 662 de
880 627 951 662 fato
975 627 1186 663 extrinsecus
1211 628 1360 677 ingruit,

192 705 393 740 inoffensius
425 703 705 750 tractabiliusque
736 704 986 740 transmittunt.
1048 704 1110 740 Sin
1152 716 1230 740 vero
1275 709 1358 742 sunt

192 793 307 828 aspera
330 784 364 816 et
388 781 514 815 inscita
534 782 568 815 et
589 780 703 821 rudia,
727 779 899 825 nullisque
919 781 1043 815 artium
1065 781 1228 815 bonarum
1248 781 1355 817 admi-

192 858 319 894 niculis
352 858 453 900 fulta,
487 858 618 893 etiamsi
651 869 755 904 parvo
788 857 859 893 sive
887 857 984 892 nullo
1014 857 1127 893 fatalis
1149 858 1355 893 incommodi

195 936 360 970 conflictu
387 937 585 981 urgeantur,
611 945 672 968 sua
694 936 808 968 tamen
832 933 993 969 saevitate
1017 936 1052 969 et
1076 933 1268 969 voluntario
1293 934 1357 969 im-

193 1014 275 1059 petu
300 1012 338 1046 in
364 1011 499 1046 assidua
525 1010 649 1045 delicta
673 1013 707 1045 et
732 1010 769 1044 in
795 1022 920 1045 errores
945 1014 1061 1045 ruunt.
1111 1010 1220 1057 quue
1241 1011 1355 1058 ipsum

193 1091 233 1123 ut
266 1100 304 1122 ea
336 1088 467 1122 ratione
501 1088 575 1129 fiat,
600 1086 765 1122 naturalis
790 1087 850 1121 illa
871 1090 905 1122 et
928 1088 1115 1122 necessaria
1139 1099 1249 1122 rerum
1274 1099 1356 1122 con-

194 1164 369 1210 sequentia
401 1163 519 1206 efficit,
556 1175 641 1209 quae
673 1163 780 1198 fatum
816 1165 966 1198 vocatur.
1017 1162 1081 1198 Est
1114 1163 1204 1198 enim
1237 1175 1358 1211 genere

194 1241 268 1287 ipso
301 1241 398 1286 quasi
430 1239 531 1276 fatale
553 1242 589 1275 et
613 1251 835 1285 consequens,
868 1242 908 1274 ut
937 1238 1023 1274 mala
1048 1239 1187 1286 ingenia
1212 1239 1358 1286 peccatis

196 1320 230 1352 et
255 1316 424 1352 erroribus
449 1328 519 1352 non
544 1317 696 1351 vacent.”

243 1393 381 1432 Quibus
418 1405 496 1427 eum
516 1392 586 1439 jam
612 1392 735 1427 diserte
766 1392 1009 1434 enuntiaverit,
1046 1404 1146 1438 penes
1176 1404 1238 1426 nos
1271 1404 1357 1434 esse,

195 1473 234 1504 ut
257 1469 450 1504 voluntario
475 1469 603 1515 impetu
627 1468 689 1503 fati
710 1468 891 1511 efficaciae,
916 1471 1081 1516 quatenus
1102 1480 1139 1503 ea
1151 1469 1356 1503 esti-insecus

194 1546 324 1591 inqruit
365 1545 591 1586 adversemur,
623 1557 702 1579 mox
739 1545 930 1579 accuratius
963 1557 1035 1579 eam
1070 1544 1265 1580 facultatem
1297 1544 1358 1579 ho-

193 1621 280 1657 mini
305 1621 463 1656 concedit
490 1621 553 1668 (1).
603 1619 767 1668 Exemplo
791 1620 881 1656 enim
903 1620 1056 1656 desumto
1081 1633 1100 1656 a
1124 1619 1235 1669 lapide
1248 1620 1358 1668 cylin-

195 1699 271 1741 dro,
296 1699 372 1746 qui,
397 1699 461 1733 etsi
492 1711 511 1732 a
535 1701 569 1732 te
602 1709 659 1744 per
689 1698 798 1744 spatia
831 1701 937 1733 terrae
961 1710 1067 1745 prona
1091 1700 1192 1745 atque
1217 1698 1359 1745 derupta

190 1775 352 1823 jaciatur,
377 1787 448 1810 non
472 1774 638 1817 volvitur,
664 1775 733 1809 nisi
754 1787 794 1810 ex
808 1787 862 1818 eo,
887 1775 979 1823 quod
1004 1788 1081 1811 eum
1101 1774 1203 1811 habet
1220 1775 1357 1811 modum

195 1854 229 1886 et
253 1852 394 1886 formam
419 1850 661 1893 volubilitatis;
687 1851 768 1886 haec
792 1851 889 1886 addit
915 1865 921 1886 z
951 1852 1024 1886 assic
1050 1838 1132 1886 ordo
1157 1855 1191 1887 et
1217 1853 1304 1888 ratio
1325 1856 1359 1887 et

196 1928 379 1962 necessitas
413 1927 475 1961 fati
500 1938 622 1974 genera
658 1927 731 1973 ipsa
755 1929 789 1962 et
823 1927 992 1974 principia
1017 1938 1193 1962 causarum
1230 1930 1358 1971 movet,

195 2005 342 2051 impetus
367 2016 446 2039 vero
477 2003 696 2038 consiliorum
720 2004 951 2052 mentiumque
975 2007 1166 2040 nostrarum
1188 2006 1356 2041 actiones-

196 2092 262 2130 que
290 2081 381 2128 ipsas
407 2079 565 2116 voluntas
592 2079 755 2128 cujusque
787 2080 922 2128 propria
946 2082 980 2116 et
1008 2080 1196 2117 animorum
1220 2081 1358 2130 ingenia

195 2158 441 2193 moderantur.”
492 2157 766 2192 Contemnendae
790 2158 898 2205 igitur
930 2171 971 2193 ex
993 2158 1176 2206 Chrysippi
1203 2159 1358 2195 doctrina

195 2248 310 2270 corum
335 2235 537 2276 sententiae,
562 2235 621 2282 qui
644 2236 681 2269 in
707 2235 805 2282 culpa
826 2238 859 2270 ct
885 2235 1049 2271 maleficio
1063 2236 1148 2271 victi
1161 2237 1359 2284 perfugiunt

239 2409 279 2443 (1)
301 2407 387 2436 Conf.
405 2408 443 2435 Α.
469 2407 579 2436 Gellius
601 2409 642 2435 Ι,1.
668 2412 695 2434 et
717 2407 814 2436 Cicero
835 2409 868 2436 de
888 2409 976 2443 Fato,
997 2419 1058 2447 cap.
1084 2413 1126 2437 19.
