1524 2932
772 219 793 251 4-

197 322 325 357 Seneca
350 322 387 357 in
412 321 603 368 Chrysippo
628 332 700 355 esse
719 322 834 356 monet
856 319 1006 355 nsubtile
1029 319 1117 355 illud
1142 332 1298 363 acumen,
1323 319 1360 355 in

195 399 298 434 imam
328 401 505 446 penetrans
530 398 737 433 veritatem.''
761 418 811 423 ——
834 396 931 432 Illud
962 396 1120 443 inprimis
1149 396 1358 432 animadver-

194 475 353 519 tendum,
378 487 483 522 quum
499 466 615 510 'ceteri
645 474 754 509 Stoici
787 472 935 521 generali
959 472 1097 507 nomine
1122 472 1358 520 designentur,

194 551 425 598 Chrysippum
449 551 581 598 saepius
610 550 812 585 nominatim
842 548 921 584 addi
945 549 997 595 (l)
1022 561 1028 583 :
1058 547 1292 595 uChrysippus
1321 552 1356 584 et

195 632 321 674 Stoici,
347 631 540 681 Χρύσιππος
566 630 620 665 καὶ
649 633 764 672 πάντες
792 631 820 666 οἱ
852 630 1023 666 Στωϊκοι’.”

242 709 462 756 Tripartitam
487 707 748 755 philosophandi
769 709 949 751 rationem,
974 720 1058 754 quae
1078 707 1148 754 jam
1172 719 1191 742 a
1215 706 1358 743 Platone

193 783 405 832 repetebatur
431 797 437 818 :
463 796 566 819 unam
592 783 633 818 de
654 784 726 819 vita
750 786 784 819 et
816 783 983 827 moribus,
1009 783 1146 819 alteram
1171 782 1212 818 de
1235 785 1358 819 natura

193 864 227 896 et
247 861 348 896 rebus
369 861 530 904 occultis,
560 862 695 896 tertiam
721 861 762 896 de
783 861 992 905 disserendo,
1018 861 1127 897 Stoici
1149 861 1357 908 antiquiores

194 939 412 984 acceperunt,
438 949 576 984 eamque
595 938 739 973 retinuit
753 936 981 984 Chrysippus,
994 936 1226 985 philosophiae
1246 940 1357 985 partes

193 1019 309 1053 dicens
334 1019 377 1054 τὰ
406 1017 464 1066 μὲν
492 1018 635 1067 λογικὰ,
663 1019 706 1054 τὰ
733 1017 772 1054 δὲ
801 1019 921 1065 ἠθικὰ,
951 1019 993 1055 τὰ
1020 1017 1059 1054 δὲ
1088 1021 1207 1068 φυσικά
1235 1021 1298 1067 (2).

238 1094 283 1129 In
301 1093 431 1142 Logica
452 1096 546 1142 parte
567 1094 778 1142 Chrysippus
803 1095 981 1142 praecipue
1005 1095 1183 1139 inclaruit,
1208 1098 1355 1132 tantam-

193 1184 259 1217 que
287 1172 409 1206 famam
439 1172 476 1206 in
503 1171 691 1206 dialecticis
723 1174 926 1207 consecutus
951 1175 1017 1215 est,
1041 1175 1082 1207 ut
1107 1173 1240 1219 antiqui
1266 1173 1357 1208 diee-

190 1250 282 1290 rent,
308 1247 338 1282 si
363 1247 425 1283 Dii
447 1246 624 1282 dialectica
644 1250 835 1290 uterentur,
860 1246 948 1282 hanc
966 1260 1036 1282 non
1064 1247 1164 1283 aliam
1189 1248 1356 1290 futuram,

191 1335 291 1369 quam
317 1322 577 1369 Chryssippeam
605 1323 668 1370 (3).
718 1323 892 1362 Quaenam
913 1323 951 1358 in
976 1322 1098 1370 logicis
1120 1324 1279 1359 statuerit
1296 1336 1356 1358 ex-

192 1410 315 1445 ponere
348 1410 426 1433 cum
460 1410 529 1433 non
563 1399 728 1445 pertineat
759 1398 800 1433 ad
830 1401 984 1433 nostrum
1006 1398 1202 1442 consilium,
1233 1411 1357 1434 consu-

192 1474 308 1510 lantur
354 1475 534 1521 scriptores
579 1474 752 1509 Historiae
793 1473 1024 1521 philosophiae
1057 1475 1230 1521 antiquae,
1267 1474 1356 1510 doct.

191 1551 325 1598 Baguet
360 1551 599 1585 commentatio
631 1550 783 1593 laudata,
808 1551 845 1585 in
870 1562 936 1596 qua
961 1550 1144 1598 Chrysippi
1169 1551 1357 1599 fragmenta

191 1627 346 1674 collegit,
371 1629 404 1661 et
430 1627 587 1673 inprimis
614 1626 703 1661 doct.
730 1626 888 1668 Petersen
910 1626 1011 1669 liber,
1036 1638 1103 1672 quo
1119 1627 1357 1673 philosophiae

194 1704 421 1750 Chrysippeae
445 1703 682 1749 fundamenta
714 1702 752 1736 in
788 1702 959 1736 notionum
994 1702 1214 1748 dispositione
1237 1703 1355 1748 posita

190 1778 404 1825 explicantur
432 1778 495 1824 (4).
521 1799 570 1803 ——
603 1778 657 1812 De
676 1778 865 1824 praecipuis
890 1777 961 1824 ejus
983 1777 1118 1824 placitis
1141 1777 1276 1813 Ethicis
1302 1778 1356 1813 in-

192 1856 243 1890 fra
268 1854 400 1902 prolixe
424 1854 533 1889 acturi
559 1866 684 1889 sumus.
971 1895 974 1898 Α

240 1932 269 1966 Ε
300 1930 448 1976 Physica
473 1929 656 1976 Chrysippi
680 1930 834 1965 doctrina
858 1929 1025 1965 nonnulla
1061 1930 1160 1965 nobis
1190 1931 1355 1966 afferenda

192 2011 289 2050 sunt,
315 2019 400 2053 quac
425 2007 551 2041 arctius
578 2006 755 2041 cohaerent
777 2018 854 2041 cum
875 2006 935 2048 iis,
959 2018 1044 2051 quae
1056 2018 1134 2041 mox
1147 2006 1183 2040 in
1209 2005 1356 2041 medium

233 2162 272 2195 (l)
293 2161 368 2187 Nota
399 2160 510 2186 Davisii
539 2159 575 2186 ad
610 2157 670 2185 Cic.
699 2159 784 2185 Tusc.
815 2158 869 2185 IV.
890 2167 915 2185 c.
941 2160 968 2184 5.
1008 2157 1093 2185 Conf.
1113 2158 1174 2185 loca
1196 2157 1359 2192 Ciceronis,

192 2212 309 2244 Galeni,
331 2211 466 2244 aliorum,
488 2218 559 2245 quae
580 2210 660 2237 affert
675 2210 801 2245 Rugum,
825 2210 870 2237 l.l.
890 2219 918 2245 p.
944 2213 976 2237 lss
996 2213 1023 2237 et
1045 2210 1088 2237 17.

230 2263 270 2297 (2)
290 2262 377 2296 Diog.
400 2261 435 2288 L.
459 2261 524 2288 Lib.
548 2261 618 2288 VII.
643 2261 720 2295 §39.
761 2261 837 2288 Plut.
866 2261 910 2288 1.1.
934 2270 962 2296 p.
987 2263 1066 2288 1035.
1106 2261 1252 2288 Immerito
1265 2260 1357 2295 Chry-

190 2316 303 2350 sippum
319 2314 348 2340 11.
369 2314 389 2340 l.
410 2321 427 2339 a
445 2313 597 2340 Plutarcho
615 2313 779 2348 reprehendi
803 2317 875 2340 recte
897 2317 993 2340 monet
1016 2313 1141 2347 Baguet,
1158 2313 1202 2339 1.1.
1226 2321 1255 2347 p.
1273 2314 1318 2339 54.

229 2367 268 2400 (3)
290 2365 378 2399 Diog.
399 2364 435 2390 L.
461 2363 525 2391 Lib.
551 2364 622 2390 VII.
641 2364 656 2397 ξ
682 2367 743 2390 181.

228 2418 267 2451 (4)
289 2416 398 2443 Prodiit
421 2415 579 2450 Hamburgi
600 2419 627 2442 et
649 2414 783 2442 Altonae.
809 2414 860 2441 Aa.
883 2415 963 2441 1827.
