1524 2932
764 221 809 253 58

207 325 294 361 Jove
327 325 507 372 indignum
541 327 670 365 censet,
704 323 745 359 ab
769 335 807 358 eo
833 323 918 358 vitia
942 323 1067 369 quippe
1091 322 1229 359 inutilia
1257 335 1365 370 neque

206 402 298 439 ultro
323 402 412 437 facta
440 399 570 449 puniri,
596 411 738 446 eumque
761 397 1004 435 nonnullorum
1027 398 1170 446 flagitiis
1203 399 1365 436 resistere.

206 479 244 513 Si
266 479 352 513 vitia
368 490 437 512 non
456 479 614 524 prosunt,
635 476 771 523 Jupiter
790 478 950 521 tanquam
972 486 1086 509 eorum
1103 486 1204 510 causa
1224 476 1364 523 culpan·
1379 471 1382 475 ’

207 554 288 597 dus3
314 554 344 589 si
377 565 456 590 vero
488 555 570 588 sunt
599 551 713 594 utilia,
751 550 955 598 culpandus,
987 550 1111 597 quippe
1143 561 1181 585 ea
1210 551 1365 596 puniens.

208 631 366 677 Denique
394 629 605 676 Chrysippus
642 629 714 675 ipse
737 640 797 675 pro
822 628 954 664 viribus
989 628 1075 664 vitia
1097 626 1366 674 philosophando

207 705 408 741 exscindens
425 707 627 752 repugnaret
648 704 774 740 rationi
796 716 835 739 ac
857 703 928 739 deo.

256 788 285 823 b.
334 787 452 823 Altera
499 787 602 830 ratio,
653 798 720 833 qua
768 785 980 833 Chrysippus
1023 786 1080 824 τὴν
1124 785 1240 821 κακίαν
1288 798 1366 821 cum

209 864 348 900 deorum
388 864 614 899 moderamine
650 862 831 898 conciliare
867 862 1021 904 studuit,
1070 875 1089 897 a
1120 861 1304 897 Plutarcho
1335 875 1367 910 p.

213 942 306 976 1051
342 940 450 975 C—E
484 941 697 975 memoratur.
747 938 918 975 Convenit
947 938 1007 974 illa
1036 950 1114 974 cum
1134 937 1235 974 Balbi
1259 938 1370 974 Stoici

210 1017 304 1053 dicto
338 1016 427 1064 apud
452 1016 649 1052 Ciceronem
690 1015 731 1051 de
754 995 893 1052 *Natura
921 1015 1089 1058 Deorum,
1125 1015 1175 1050 H.
1197 1027 1268 1063 cap.
1284 1012 1336 1051 '66
1363 1029 1369 1050 :

212 1093 363 1141 nMagna
384 1092 433 1128 dii
455 1096 591 1136 emant,
616 1105 718 1140 parva
738 1093 940 1141 negligunt''
957 1094 1019 1141 (1).
1069 1093 1281 1142 Chrysippus
1302 1095 1370 1130 sci-

209 1175 294 1211 licet
320 1176 358 1210 in
391 1174 478 1210 libro
508 1173 581 1224 περὶ
619 1174 725 1216 οὐσίαις
749 1175 898 1224 rogavit,
923 1177 1039 1211 utrum
1063 1176 1150 1211 mala
1174 1176 1237 1217 τοῖς
1263 1175 1371 1218 καλοῖς

212 1255 267 1292 καὶ
296 1255 429 1305 ἀγάθοις
454 1256 642 1292 accidentia
667 1256 804 1293 deorum
829 1256 1057 1305 negligentiae
1070 1257 1212 1293 fortasse
1224 1257 1295 1294 sint
1306 1258 1370 1294 tri-

212 1334 362 1378 buenda,
387 1333 500 1370 eadem
524 1335 656 1371 ratione
679 1347 745 1381 qua
765 1336 803 1370 in
827 1335 960 1382 magnis
974 1334 1112 1371 familiis
1123 1335 1253 1382 aliquot
1265 1347 1370 1383 grana

213 1413 366 1459 pereant,
390 1410 531 1457 reliquis
550 1411 614 1446 etsi
631 1413 721 1446 recte
742 1410 960 1458 dispensatis3
986 1423 1029 1445 an
1054 1423 1132 1446 vero
1143 1411 1371 1459 neglectiones

214 1494 292 1530 illae
315 1493 515 1530 tribuendae
536 1494 607 1529 sint
627 1493 724 1528 malis
749 1493 859 1541 geniis
887 1488 1113 1541 (δαιμονίοις),
1133 1494 1193 1539 qui
1205 1492 1259 1528 his
1272 1493 1371 1529 rebus

214 1573 413 1618 praeessent.

215 1747 312 1779 κοινὴν
335 1747 417 1787 φύσιν
438 1758 461 1777 s.
485 1744 533 1776 τὸν
555 1748 607 1775 τοῦ
630 1745 694 1780 Διὸς
717 1745 803 1786 λόγον
834 1744 1049 1787 (εἱμαρμένην);
1085 1751 1241 1786 puniuntur
1268 1759 1334 1779 vero
1359 1759 1377 1778 a

216 1801 291 1829 Jove
318 1801 367 1828 illo
391 1800 518 1836 vulgari,
545 1800 597 1828 deo
626 1808 774 1835 supremO,
804 1801 852 1836 qui
884 1809 901 1828 a
931 1801 1039 1828 mundo
1067 1801 1202 1837 distingui
1220 1806 1320 1837 potest.
1341 1818 1376 1822 —

211 1851 437 1879 -Coneedendum
454 1855 550 1877 tamen
569 1859 602 1878 ea
619 1851 692 1878 inter
712 1859 741 1878 se
759 1859 817 1878 non
839 1859 1002 1886 congruere.

257 1903 297 1938 (1)
317 1902 393 1929 Huic
415 1901 569 1930 sententiae
588 1901 684 1937 plures
706 1902 903 1937 antiquorum,
922 1902 996 1930 inter
1017 1911 1087 1938 quos
1105 1904 1219 1939 poetae,
1238 1903 1377 1932 faverunt.

219 1954 255 1982 In
274 1953 419 1982 Plutarchi
437 1953 599 1989 Praeceptis
621 1953 740 1988 politicis
759 1962 788 1988 p.
814 1956 865 1980 811
886 1953 926 1981 D.
949 1954 1051 1981 citatur
1071 1954 1216 1991 Euripidis
1233 1955 1339 1983 dictum
1361 1966 1367 1982 :

572 2066 606 2070 —
628 2051 684 2079 τῶν
708 2045 784 2089 ἄγαν
807 2047 865 2089 γὰρ
888 2048 1011 2080 ἅπτεται

527 2106 605 2143 θεὸς,
629 2105 666 2137 τὰ
687 2105 775 2148 μικρὰ
798 2103 825 2137 δ’
848 2108 889 2142 εἰς
908 2108 1001 2149 τύχην

574 2164 650 2200 ἀνεὶς
669 2165 715 2205 ἑᾷ.

218 2267 246 2291 ct
268 2263 298 2290 in
320 2261 416 2290 libello
440 2261 475 2289 de
496 2260 657 2289 Audiendis
679 2262 771 2297 po'etis
793 2271 823 2298 p.
843 2265 879 2289 24
901 2263 970 2291 haec
991 2263 1090 2290 incerti
1109 2263 1206 2298 poetae
1225 2272 1231 2289 z

374 2350 441 2385 Ζεὺς
462 2350 519 2391 γὰρ
541 2350 576 2380 τὰ
599 2350 649 2392 μὲν
671 2353 793 2381 τοιαῦτα
816 2352 954 2392 φροντίζει
976 2351 1087 2392 βροτῶν
1104 2375 1111 2388 ,

373 2408 408 2438 τὰ
432 2409 517 2449 μικρὰ
542 2406 668 2443 δ’ἄλλοις
692 2409 811 2450 δαίμοσι
835 2410 932 2450 παρεὶς
954 2410 998 2450 .ᾷ.
1024 2420 1057 2424 -
