1524 2932
759 253 805 284 84

201 348 388 400 existimat,
427 355 655 403 Chrysippum
689 366 758 389 rem
792 355 892 389 etiam
925 354 1039 389 minus
1074 352 1370 389 commendabilem

201 432 398 469 reddidisse.
458 431 529 467 Hic
568 431 658 466 enim
695 431 845 466 insanire
883 430 969 465 dicit
1006 441 1077 472 eos,
1115 430 1175 475 qui
1218 429 1373 470 divitias,

203 512 399 553 sanitatem,
425 508 665 551 indolentiam,
699 506 970 543 incolumitatem
996 505 1146 554 corporis
1170 517 1232 553 pro
1261 503 1372 541 nihilo

207 586 350 630 ducant,
384 598 493 633 neque
516 586 561 621 iis
586 584 744 632 parandis
771 585 842 619 sint
866 584 1008 627 intenti3
1044 586 1092 625 et,
1118 585 1295 630 postquam
1321 584 1372 617 at-

205 662 289 698 tulit
315 661 523 697 Hesiodeum
555 660 643 696 illud
671 675 676 695 z

456 844 637 896 Ἐργάζεν,
668 847 797 895 Πέρση,
829 844 899 881 δῖον
929 847 1034 894 γένοςέ
1065 848 1117 893 (1)

211 1020 322 1062 addit,
350 1019 525 1055 delirantis
548 1032 618 1054 esse
645 1020 852 1054 contrarium
878 1019 1066 1066 praecipere
1089 1032 1093 1052 z

472 1192 531 1228 Μὴ
561 1190 717 1239 ἐργάζου,
750 1191 880 1239 Πέρση,
911 1188 982 1225 δῖον
1011 1187 1117 1237 γένοςῖ

264 1359 400 1394 Deinde
425 1357 632 1393 Plutarchus
658 1357 842 1405 Chrysippi
869 1358 954 1393 citat
979 1358 1216 1400 enunciatum,
1241 1368 1309 1403 quo
1331 1369 1383 1391 sa-

216 1435 343 1484 pientis
369 1434 513 1470 habetur
543 1446 640 1482 agere
669 1433 800 1480 aliquid
823 1433 986 1469 mercedis
1010 1434 1120 1481 gratia
1147 1434 1217 1482 (2),
1250 1436 1285 1469 et
1317 1445 1385 1469 me-

215 1520 340 1559 morat,
366 1529 442 1551 eum
468 1515 595 1551 alicubi
617 1515 865 1561 quodammodo
888 1514 1084 1557 concedere,
1109 1515 1295 1564 προηγμένα
1319 1516 1386 1551 ista

219 1595 390 1642 (divitias,
429 1596 625 1638 sanitatem,
658 1595 858 1642 mercedem)
886 1595 998 1644 ἀγαθὰ
1026 1596 1110 1639 dici,
1144 1597 1299 1644 opposita
1323 1597 1386 1636 τοῖς

217 1679 337 1726 κακοῖς,
369 1680 471 1724 atque
487 1677 537 1712 ita
555 1676 803 1723 quodammodo
829 1677 863 1713 τὸ
891 1678 1091 1727 προηγμένον
1117 1679 1297 1714 admodum
1309 1692 1387 1727 pro-

219 1762 387 1808 pinquum
414 1760 522 1795 facere
546 1761 592 1807 τῷ
622 1757 736 1807 ἀγαθῷ
762 1761 795 1793 et
814 1770 892 1793 cum
918 1771 956 1794 eo
973 1760 1120 1795 miscere.

269 1837 337 1873 His
375 1837 484 1884 igitur
514 1835 672 1871 omnibus
710 1846 898 1881 repugnare
927 1834 1139 1883 Chrysippus
1172 1838 1387 1874 existimatur

220 1921 286 1957 hoc
320 1921 420 1956 effato
449 1933 455 1954 ε
484 1917 609 1954 nNihil
634 1920 697 1952 τῶν
727 1917 935 1966 προηγμένων
960 1917 1002 1952 ad
1031 1930 1094 1953 nos
1127 1920 1293 1966 pertinere
1320 1921 1390 1969 (3),

224 2002 259 2033 et
292 1997 458 2032 rationem
493 1995 534 2030 ab
567 1995 611 2030 iis
644 2005 782 2041 prorsus
817 1993 1030 2030 avertendam
1063 1998 1164 2030 esse.''
1233 1996 1389 2033 Eundem

264 2184 304 2220 (1)
324 2183 449 2211 Exstant
477 2181 563 2209 verba
595 2181 626 2208 in
657 2181 774 2209 Hesiodi
803 2182 943 2216 carmine,
976 2182 1070 2219 Opera
1093 2189 1118 2211 et
1140 2184 1228 2220 Dies,
1257 2194 1300 2213 vs.
1326 2189 1390 2214 299.

265 2236 304 2270 (2)
324 2234 462 2270 Ejusdem
486 2233 593 2260 dictum
615 2242 622 2258 2
644 2233 833 2268 „sapientem
852 2238 895 2261 ter
916 2235 1007 2270 capite
1023 2235 1191 2263 saltaturum
1211 2244 1287 2271 esse,
1308 2241 1340 2264 ut
1352 2241 1393 2264 ta-

225 2289 334 2315 lentum
371 2284 524 2320 accipiat,''
550 2293 567 2311 a
589 2284 724 2319 sapientis
750 2285 888 2319 dignitate
914 2286 1062 2314 abhorrere
1081 2288 1261 2324 perspicuum
1285 2291 1336 2315 est.
1357 2304 1392 2308 —

227 2338 311 2367 Conf.
342 2345 390 2370 ea,
420 2344 491 2371 quae
509 2336 595 2363 modo
614 2335 740 2363 diximus
759 2336 794 2364 de
812 2337 904 2364 modis
922 2337 1032 2365 lucrum
1051 2338 1188 2372 faciendi,
1209 2339 1257 2373 qui
1275 2339 1396 2375 sapienti

226 2392 371 2425 ponuntur
390 2388 430 2423 (p.
450 2390 501 2420 82,
523 2393 590 2414 nota
609 2387 649 2421 3).

265 2442 304 2475 (3)
325 2438 408 2467 Conf.
431 2437 530 2466 Cicero
550 2438 584 2465 de
605 2437 670 2464 Fin.
693 2437 747 2464 ΙΙΙ.
770 2447 794 2465 c.
820 2442 862 2465 13.
