1524 2932
739 230 783 263 53

185 342 303 365 naceas
325 330 566 367 comendendas
589 331 769 376 dicentem,
795 345 838 367 ne
858 332 1026 379 pullorum
1048 333 1234 368 multitudo
1247 333 1335 368 ultra

186 417 286 451 quam
319 405 503 453 expediret,
536 411 768 444 succresceret.
817 407 882 443 Ille
914 420 994 444 vero
1025 421 1139 444 eorum
1163 408 1338 456 reprehen—

185 481 298 517 siones
330 493 446 529 parum
480 495 600 519 curans
638 483 716 519 deos
743 483 857 519 eadem
881 483 950 519 fere
973 484 1104 520 ratione
1129 496 1205 520 cum
1229 484 1338 520 homi-

184 557 287 593 nibus
324 571 419 607 agere
454 560 627 604 ostendit,
650 560 802 608 exemplo
835 560 988 596 desumto
1021 573 1041 596 a
1071 560 1160 597 bello
1177 561 1338 609 Trojano,

184 634 276 681 qued
298 648 317 671 a
341 635 406 672 diis
431 637 646 691 commissum
671 636 760 673 dixit
780 637 1029 674 imminuendae
1052 638 1162 686 gratia
1185 637 1342 674 multitu-

186 710 278 746 dinis
309 711 492 748 hominum.
546 712 662 747 aesDeus
695 713 800 757 enim,
833 713 1045 762 Chrysippus
1079 715 1208 761 inquit,
1242 715 1340 750 exitii

183 789 375 824 occasiones
415 789 590 836 suggerit,
636 789 726 825 sicut
772 790 946 833 civitates,
987 790 1180 826 abundante
1215 791 1342 827 civium

184 863 420 907 multitudine,
445 863 593 900 colonias
611 864 724 912 aliquo
749 865 923 902 deducunt
947 868 987 901 ut
1008 878 1043 901 se
1055 869 1252 909 exonerent,
1282 871 1341 902 aut

183 941 309 977 bellum
330 941 467 989 aliquod
488 942 711 989 suscipiunt.”
732 964 781 969 —
805 942 901 982 Quae
922 943 1043 978 acriter
1063 946 1237 991 oppugnat
1257 942 1340 978 Plu-

184 1017 322 1054 tarchus
335 1045 344 1061 ‚
389 1030 495 1064 quum
530 1030 601 1053 non
626 1019 830 1054 conveniant
859 1017 1010 1066 pulchris
1036 1018 1317 1066 appellationibus
1331 1046 1340 1061 ,

185 1100 266 1136 alibi
307 1112 327 1135 a
359 1098 548 1147 Chrysippo
592 1099 652 1134 deo
685 1099 839 1142 tributis,
873 1112 899 1134 e.
924 1112 956 1147 g.
990 1102 1043 1135 τοῦ
1075 1099 1167 1146 Διὸς,
1199 1104 1339 1149 σωτῆρος

183 1181 239 1217 καὶ
276 1182 433 1231 γενέτορος
474 1180 528 1217 καὶ
568 1181 684 1231 πατρὸς
724 1179 817 1222 δίκης
854 1181 908 1217 καὶ
952 1180 1095 1230 εὐνομίας
1123 1195 1177 1216 και
1206 1181 1340 1230 εἰρήνης.

183 1257 231 1293 Et
255 1258 400 1305 primum
421 1257 557 1304 quidem
580 1260 683 1305 negat
706 1257 882 1293 hominum
912 1257 1024 1293 clades
1049 1260 1161 1293 tantas
1174 1284 1183 1300 ,
1217 1260 1344 1303 quanta

183 1335 252 1370 fuit
272 1334 398 1370 bellum
419 1335 602 1381 'ri-ojanum
623 1334 769 1381 aliaque,
790 1334 918 1370 similes
931 1346 1002 1370 esse
1015 1334 1238 1377 coloniarum,
1258 1346 1341 1381 quas

183 1423 282 1447 nemo
301 1410 395 1459 apud
419 1411 544 1446 inferos
567 1410 721 1446 conditas
742 1411 856 1454 novit3
882 1410 961 1446 dein
990 1409 1217 1458 Chrysippum
1242 1409 1341 1445 deum

184 1486 327 1523 similem
363 1487 471 1522 faeere
507 1486 683 1534 Dejotaro,
724 1485 877 1522 Galatiae
900 1486 988 1534 regi,
1020 1487 1080 1532 qui
1110 1488 1150 1521 ut
1182 1486 1243 1521 uni
1274 1485 1341 1522 fili-

184 1574 281 1598 orum
300 1575 443 1611 regnum
467 1561 684 1609 relinqueret,
704 1564 831 1598 ceteros
844 1565 1035 1605 necaverat,
1047 1564 1148 1609 atque
1160 1562 1341 1598 saeviorem

183 1638 283 1675 nobis
308 1639 484 1682 omnibus,
508 1639 632 1685 quippe
656 1638 716 1684 qui
742 1637 872 1673 catulos
895 1650 1011 1674 recens
1036 1641 1133 1673 natos
1158 1639 1235 1673 cani
1259 1637 1339 1674 sub-

182 1713 372 1758 trahamus,
408 1726 513 1762 quum
561 1713 697 1761 Jupiter
733 1714 805 1762 ipse
826 1712 980 1749 homines
1008 1725 1186 1762 procreans
1216 1725 1339 1761 eosque

184 1790 370 1826 adolescere
418 1803 551 1837 passus,
609 1790 687 1825 dein
731 1790 910 1836 exquisitis
958 1790 1056 1825 exitii
1105 1790 1339 1826 occasionibus

182 1865 390 1913 pessumdet,
413 1886 462 1892 —
487 1877 564 1901 cum
595 1865 764 1901 debuisset
790 1865 904 1912 potius
924 1864 1053 1900 nullam
1073 1865 1235 1901 nascendi
1260 1877 1339 1901 cau-

183 1955 253 1978 sam
281 1942 445 1990 praebere.
1076 1978 1079 1981 .

227 2019 345 2067 Pergit
377 2018 582 2055 Plutarchus
623 2020 675 2067 (l)
715 2033 721 2055 :
762 2018 996 2068 nChrysippus
1039 2019 1138 2056 deum
1174 2019 1336 2056 bellorum

182 2108 315 2131 causam
350 2095 481 2139 dicens,
519 2108 595 2131 eum
633 2098 667 2131 et
701 2108 835 2132 causam
867 2097 951 2132 facit
988 2109 1118 2140 eorum,
1162 2110 1180 2132 e
1216 2097 1341 2143 quibus

181 2178 270 2216 bella
294 2179 460 2215 oriuntur.
510 2178 605 2214 Haec
626 2190 705 2215 vero
729 2191 799 2214 non
821 2181 902 2214 sunt
922 2179 991 2214 nisi
1013 2179 1098 2214 vitia
1123 2191 1129 2213 ι
1156 2175 1340 2228 φιληδονίαι,

183 2259 364 2309 πλεονεξίαι,
393 2257 577 2311 φιλοδοξίαι,
595 2259 783 2310 φιλαρχῶι.”
832 2261 988 2309 Reponat
1007 2260 1337 2308 quis,Chrysippum

221 2419 260 2454 (2)
281 2419 358 2447 Plut.
379 2420 425 2447 ω.
453 2427 481 2454 p.
506 2422 574 2447 1049
593 2420 693 2447 D-r.
