1524 2932
741 227 786 260 41

182 329 283 367 modo
296 329 413 366 dicant
424 330 663 367 indifferentia·
677 343 684 365 :
711 327 816 365 “Uno
828 327 965 375 quidem
977 327 1078 363 modo
1091 340 1128 365 ea
1140 340 1225 375 quae
1237 342 1343 377 neque

182 406 226 442 ad
254 405 450 443 felicitatem
480 419 590 454 neque
622 405 666 441 ad
697 404 933 441 infelicitatem
962 404 1157 448 conferunt,
1187 407 1228 441 ut
1261 410 1343 442 sunt

183 483 340 529 divitiae,
365 485 509 528 sanitas,
534 484 638 526 virm,
668 481 793 531 gloria,
818 479 952 516 similia.
1013 480 1105 516 Nam
1135 483 1168 516 et
1193 481 1266 518 sine
1286 481 1341 518 his

178 563 290 608 potest
314 562 390 608 quis
414 561 498 597 felix
522 572 609 603 esse,
646 571 725 594 cum
748 569 864 593 eorum
888 569 971 592 usus
998 556 1052 593 vel
1084 560 1197 593 rectus
1230 558 1340 594 felici-

176 636 275 680 tatis,
299 636 353 674 vel
373 649 497 685 pravus
520 634 736 671 infelicitatis
762 635 881 669 auctor
906 633 962 669 sit.
1010 632 1124 669 Aliter
1147 635 1260 670 autem
1287 634 1339 670 di-

178 717 304 750 cuntur
327 713 571 756 indifferentia,
596 724 682 759 quae
705 723 815 758 neque
835 711 1022 759 appetitum
1046 723 1156 758 neque
1176 712 1338 747 aversati-

176 802 275 826 onem
307 791 460 833 movent,
497 788 687 842 cujusmodi
723 790 775 824 est
800 801 807 823 :
841 799 935 835 pares
960 787 1082 823 habere
1114 787 1253 836 capillos
1283 788 1337 825 vel

173 867 333 914 impares,
357 865 537 901 extendere
558 865 707 913 digitum
727 864 783 901 vel
812 863 1018 900 contrahere.
1067 864 1185 900 Priora
1210 868 1337 909 autem,

175 955 261 989 quae
286 942 452 985 diximus,
475 941 704 977 indifferentia
724 952 795 975 non
815 941 866 976 ita
890 952 926 976 se
944 939 1100 976 habent.''
1128 942 1191 989 (1).

224 1019 314 1054 Sunt
350 1018 459 1065 igitur
494 1010 724 1053 indifferentia
756 1017 876 1053 latiore
908 1029 1010 1053 sensu
1042 1030 1094 1062 ea,
1131 1031 1217 1065 quae
1248 1021 1337 1057 nihil

174 1094 355 1130 conferunt
386 1093 441 1130 vel
478 1093 521 1129 ad
557 1095 720 1130 virtutem
757 1093 811 1130 vel
844 1093 887 1129 ad
919 1095 1020 1138 vitia,
1054 1107 1093 1130 ea
1127 1095 1220 1140 dico,
1250 1109 1335 1144 quae

171 1183 230 1219 per
270 1183 306 1206 se
341 1170 512 1206 hominem
548 1183 611 1206 nec
647 1170 817 1206 meliorem
853 1182 918 1206 nec
956 1170 1137 1207 beatiorem
1176 1172 1334 1210 reddunt.

173 1253 290 1294 Quum
323 1266 401 1290 vero
434 1266 472 1289 ea
503 1255 593 1290 inter
618 1267 653 1289 se
677 1254 835 1290 differant
859 1254 991 1289 ratione
1014 1254 1131 1291 habita
1154 1254 1252 1304 ὁρμῆς
1280 1256 1335 1292 καί

171 1338 333 1387 ἀφορμῆς,
360 1338 491 1375 diversa
515 1350 630 1373 eorum
654 1340 813 1382 statuunt
837 1350 969 1385 genera.

220 1419 373 1454 Primum
409 1418 577 1454 nonnulla
613 1421 677 1456 τῶν
722 1416 907 1469 ἀδιαφόρων
946 1419 1109 1456 dicuntur
1149 1422 1333 1471 προηγμένα

172 1498 390 1543 (praeposita,
423 1496 615 1543 producta).
668 1496 743 1531 tzUt
776 1497 901 1539 enim‚”
939 1497 1030 1532 Zeno
1054 1498 1184 1543 inquit,
1211 1511 1332 1535 anemo

171 1570 258 1607 dicit
295 1571 332 1606 in
373 1571 466 1619 regia
501 1583 613 1619 regem
649 1562 760 1618 ipsum
802 1572 899 1617 quasi
935 1572 1140 1619 productum
1181 1587 1252 1611 esse
1288 1576 1331 1611 ad

171 1652 373 1699 dignitatem
405 1652 456 1699 (id
485 1654 537 1687 est
561 1652 651 1686 enim
675 1650 903 1701 προηγμένον),
937 1654 996 1689 sed
1025 1667 1081 1690 eos
1111 1657 1171 1702 qui
1204 1658 1242 1692 in
1267 1658 1331 1694 ali-

168 1740 236 1776 quo
269 1727 396 1764 honore
428 1730 525 1772 sunt,
558 1740 701 1776 quorum
733 1729 816 1765 ordo
849 1731 1000 1779 proxime
1028 1731 1177 1778 accedit,
1213 1737 1254 1771 ut
1278 1747 1330 1772 se-

169 1806 302 1842 cundus
336 1806 383 1841 sit
417 1806 460 1841 ad
496 1806 626 1854 regium
655 1807 899 1855 principatum,
933 1809 983 1844 sic
1019 1810 1058 1845 in
1088 1811 1160 1846 vita
1187 1824 1258 1848 non
1291 1826 1329 1849 ea

169 1895 255 1930 quae
287 1883 446 1930 primario
477 1870 554 1919 loco
588 1885 688 1927 sunt,
721 1883 780 1920 sed
812 1897 850 1920 ea
882 1897 967 1932 quae
995 1887 1184 1924 secundum
1216 1888 1330 1926 locum

168 1965 342 2010 obtinent,
379 1965 583 2016 προηγμένα,
620 1967 658 2002 id
682 1970 761 2022 nest,
797 1968 963 2015 producta
995 1971 1234 2007 nominentffl
1266 1974 1330 2022 (2).

169 2049 393 2085 Definiuntur
422 2063 556 2097 quoque
587 2048 754 2100 ἀδιάφορα
782 2048 879 2093 ἀξίαν
907 2052 1037 2099 ἔχοντα.
1104 2053 1328 2104 Προηγμένον,

170 2130 334 2167 Stobaeus
367 2131 497 2177 inquit,
531 2130 609 2167 εἶναι
648 2130 793 2181 λέγουσιν
838 2130 881 2180 (οἱ
913 2131 1065 2183 Στωϊκοί)
1102 2132 1119 2169 ὃ
1150 2132 1329 2188 ἀδιάφορον

168 2211 202 2249 ὂν
230 2211 420 2262 ἐκλεγόμεθα
449 2213 535 2250 κατὰ
563 2214 796 2264 προηγούμενον
824 2213 929 2264 λόγον.

207 2375 247 2410 (1)
267 2374 354 2411 Diog.
378 2375 414 2402 L.
437 2374 501 2404 Lib.
522 2375 594 2403 VII.
614 2375 630 2410 ξ
652 2377 714 2402 104.
755 2373 854 2403 Cicero
875 2374 909 2402 de
927 2374 994 2403 Fin.
1014 2376 1069 2405 IV.
1091 2386 1116 2405 c.
1133 2380 1178 2405 25,

206 2426 245 2461 (2)
266 2425 365 2454 cicero
385 2427 420 2455 de
439 2427 505 2456 Fin.
523 2426 579 2454 ΙΙΙ.
600 2435 625 2453 e.
653 2428 696 2453 16.
737 2425 887 2460 Stobaeus,
905 2426 947 2454 l.l.
970 2435 998 2462 p.
1023 2430 1085 2456 156.
