1524 2932
728 226 772 258 62

167 333 309 369 ἀναίτιον
335 334 435 377 insit,
460 345 529 369 non
552 332 734 380 perspicio,
761 333 789 367 si
812 344 888 367 cum
911 331 1102 380 Chrysippo
1123 334 1325 370 credendum

166 419 217 451 est
255 415 305 452 τὸν
341 414 547 466 ἀστράγαλον
587 415 633 464 μὴ
673 412 829 451 δυνάσθαι
865 412 979 450 ἄλλοτε
1010 412 1111 455 ἄλλας
1145 414 1324 464 λαμβάνειν

167 499 301 539 πτώσεις
333 500 407 534 ἄνευ
440 496 522 539 τινὸς
554 496 659 538 αι’τιάς
698 498 761 545 (1).
827 496 930 536 Quod
967 498 1078 532 autem
1116 495 1326 547 ἐπικλήρωσις

169 587 270 610 causa
302 588 374 611 esse
405 577 517 623 potest
542 586 603 610 cur
627 573 780 610 alterutri
805 585 979 609 cursorum
1004 572 1113 621 palma
1138 560 1326 618 tribuatur,

167 652 249 686 inde
272 652 431 694 efficitur,
468 650 560 697 quod
580 650 687 697 judex
717 650 910 686 certaminis
935 650 1214 697 dijudicationem
1238 650 1326 686 talo-

166 740 242 763 rum
283 728 394 775 jactui
439 727 659 770 commiserit3
701 725 767 761 hoc
812 738 888 761 eum
937 727 1011 762 sine
1059 738 1159 762 causa
1205 726 1326 762 fecisse

167 803 379 851 Chrysippus
407 803 484 839 loco
506 803 644 839 laudato
669 815 740 838 non
765 802 952 838 contendit.

215 882 243 916 b.
293 880 453 928 Superest
483 892 582 926 quem
604 891 834 915 recenseamus
858 879 954 915 locus
985 880 1075 928 apud
1103 879 1325 916 Plutarchum

167 971 199 1005 p.
237 956 547 993 1055F—1057C.
584 957 645 992 ubi
681 956 891 1004 Chrysippus
927 958 1076 992 assumto
1112 957 1182 992 fato
1221 956 1324 992 liber—

166 1037 272 1070 tatem
301 1033 482 1069 humanam
515 1033 607 1068 haud
635 1046 776 1082 negasse
799 1033 949 1078 videtur3
986 1034 1141 1081 quando,
1165 1036 1206 1070 ut
1232 1033 1326 1070 illius

164 1115 275 1151 verbis
311 1118 404 1157 utar,
440 1114 483 1150 τὰ
511 1113 583 1163 περὶ
613 1117 676 1151 τῶν
704 1117 886 1164 φαντασιῶν
913 1114 1067 1164 λεγόμενα
1093 1114 1169 1166 πρὸς
1196 1116 1253 1154 τὴν
1272 1116 1324 1151 εἱ-

167 1197 331 1247 μαρμένην
357 1196 579 1233 ἐναντιοῦνται.

216 1273 414 1320 Spectemus
438 1273 584 1320 primum
609 1284 646 1307 ea
681 1271 864 1320 Chrysippi
890 1272 991 1309 verba
1014 1285 1100 1320 quae
1124 1273 1166 1310 de
1185 1274 1256 1310 fato
1278 1274 1326 1310 al-

166 1351 236 1386 lata
260 1353 357 1393 sunt3
393 1349 472 1385 dein
505 1349 673 1396 quomodo
697 1349 902 1385 Plutarchus
926 1349 1020 1385 hisce
1052 1363 1127 1386 eum
1158 1352 1326 1388 contraria

167 1426 296 1462 dixisse
320 1424 574 1461 existimaverit.

213 1508 338 1543 Fatum
361 1506 574 1553 Chrysippus
604 1505 695 1542 dixit
719 1508 848 1542 πάντων
876 1506 981 1542 αἰτίαν
1008 1506 1099 1542 εἶναι.
1150 1507 1325 1544 Laudibus

168 1583 350 1620 celebravit
376 1582 517 1618 Homeri
536 1582 577 1618 de
596 1582 683 1619 Jove
705 1581 834 1618 dictum
858 1596 864 1616 z

275 1687 333 1735 Τῷ
361 1682 463 1733 ἔχεθ’,
492 1688 511 1720 ὅ
537 1698 585 1721 ττι
608 1698 661 1721 κεν
687 1687 769 1734 ὔμμι
798 1684 895 1720 κακὸν
923 1686 1086 1734 πέμπῃσιν
1114 1685 1238 1736 ἑκάστῳ

273 1768 293 1807 ἢ
321 1767 452 1817 ἀγαθόν·

166 1870 200 1903 et
221 1866 397 1914 Euripidis
421 1866 510 1902 illud
532 1879 538 1900 ε

332 1964 373 2004 Ὠ
403 1966 484 2004 Zea!
516 1968 550 2004 τί
575 1966 660 2006 δῆτα
688 1967 757 2008 τοὺς
785 1968 1004 2019 ταλαιπώρους
1032 1968 1163 2019 βροτοὺς

329 2051 451 2102 φρονεῖν
479 2046 600 2100 λέγοιμ’
631 2052 689 2097 ἅν5
715 2053 771 2086 σοῦ
798 2050 864 2101 γὰρ
892 2048 1104 2101 ἐξηρτήμεθα,

329 2132 459 2184 δρῶμέν
488 2146 522 2169 τε
552 2129 672 2181 τοιοίδ’,
701 2132 724 2168 ἃ
751 2131 791 2169 σὺ
819 2146 856 2182 γε
882 2135 1052 2183 τυγχάνεις
1079 2136 1210 2184 φρονῶν·
1242 2136 1293 2183 (2)

167 2234 367 2280 addiditque
390 2232 516 2275 anihil,
540 2244 583 2266 ne
607 2231 787 2267 minimum
807 2232 960 2278 quidem,
980 2233 1151 2278 quiescere
1172 2236 1231 2269 aut
1251 2245 1323 2268 mo-

205 2369 244 2403 (1)
264 2367 342 2394 Plut.
362 2366 406 2394 1.1.
428 2374 456 2401 p.
480 2367 549 2392 1045
569 2365 605 2392 Β.

205 2426 244 2460 (2)
264 2425 381 2453 Homeri
399 2424 478 2452 locus
497 2427 588 2452 exstat
597 2422 682 2451 Iliad.
694 2422 771 2451 XV:
787 2425 854 2457 109,
867 2422 915 2451 ubi
934 2431 1000 2452 vero
1019 2422 1154 2452 vocabula
1174 2418 1191 2452 ἦ
1215 2417 1322 2460 ἀγαθὸν
