1524 2932
726 253 769 286 3⁷

168 357 311 406 ἀπαθής,
349 357 538 407 ἀκίβδηλος.
602 355 779 409 Sapientes
812 361 876 397 soli
908 362 998 397 inter
1031 373 1067 396 se
1098 362 1181 395 sunt
1214 361 1329 404 amici3

170 434 253 470 fides
285 447 355 472 non
388 440 439 473 est
462 438 532 474 nisi
556 439 595 474 in
619 438 779 486 sapiente.
827 437 910 475 Jovi
936 436 1096 480 similem,
1120 437 1189 473 imo
1212 448 1252 472 eo
1273 449 1331 472 su-

170 511 332 557 periorem
363 516 478 560 putes,
510 513 649 561 Jupiter
682 514 773 549 enim
805 516 961 556 naturae,
985 525 1057 548 non
1080 525 1143 548 suo
1166 513 1331 549 beneficio

170 587 302 635 sapiens
327 591 378 624 est
405 590 469 637 (1).

218 664 420 701 Notandum
445 666 573 709 autem,
605 677 676 701 non
699 664 841 702 latuisse
865 665 999 702 Stoicos
1023 666 1132 714 ipsos,
1164 677 1333 715 nusquam

171 741 287 786 talem,
320 742 453 790 qualem
494 743 693 786 statuerint,
726 744 910 790 sapientem
939 738 1078 779 exstare.
1128 741 1249 777 Cicero
1281 744 1333 778 te-

172 822 299 865 statur,
324 832 379 856 eos
399 832 444 867 ne
466 820 557 868 ipsos
579 820 716 870 quidem
729 820 839 857 dicere
851 820 971 864 solere,
996 820 1056 868 qui
1070 819 1201 867 sapiens
1214 819 1261 855 sit
1273 821 1334 855 aut

171 902 275 938 fuerit
298 902 367 949 (2);
387 904 428 937 'et
450 902 657 938 Plutarchus
683 916 690 937 :
715 900 770 937 καὶ
798 902 862 950 μὴν
889 897 952 937 οὔθ’
981 900 1075 936 αὑτὸν
1102 901 1119 935 ὁ
1144 900 1335 957 Χρύςιππος

171 970 339 1033 ἀποφαίνεὶ
368 981 562 1032 σπουδαῖον,
599 985 669 1021 οὔτε
697 982 771 1020 τινὰ
798 985 865 1020 τῶν
892 981 988 1019 αὑτοῦ
1015 982 1182 1032 γνωρίμων
1209 981 1230 1020 ἢ
1257 980 1335 1017 καθ-

172 1065 344 1113 ηγεμόνων.

213 1225 253 1261 (1)
274 1224 359 1253 Conf.
382 1225 459 1254 locos
476 1225 603 1254 laudatos
626 1225 703 1261 apud
723 1224 914 1253 Baumhauer.
938 1233 967 1260 p.
990 1224 1043 1252 170
1061 1232 1103 1259 sq.
1124 1227 1153 1251 et
1168 1223 1335 1251 Tenneman

173 1284 202 1311 p.
225 1278 277 1303 136
297 1284 339 1311 sq.

211 1327 250 1362 (2)
270 1326 385 1361 Quaest.
411 1326 501 1355 Acad.
520 1326 574 1354 IV.
598 1335 623 1355 c.
646 1328 691 1355 47.
731 1326 808 1354 Plut.
828 1326 863 1354 de
886 1325 974 1355 Stoic.
993 1325 1124 1362 Bepugn.
1146 1334 1174 1361 p.
1196 1327 1276 1352 1048.
1298 1325 1334 1352 E.
