1524 2932
729 260 771 292 85

170 372 357 409 repugnare
390 362 459 397 suis
494 363 601 409 ipsius
635 361 954 398 ratiocinationibus
989 361 1167 397 contendit
1193 361 1328 399 Plutar-

174 437 273 480 chus,
311 437 445 484 quando
482 450 537 474 eos
571 437 706 481 irridet,
742 438 803 484 qui
836 439 971 485 propter
1004 449 1143 486 magnas
1179 438 1333 474 fortunas

173 513 318 560 aliquem
358 514 493 551 beatum
540 515 671 557 dicant,
708 515 806 560 quasi
844 514 882 548 in
918 526 985 549 usu
1020 514 1093 549 auri
1130 517 1164 549 et
1202 516 1334 562 argenti

172 590 336 626 consistat
368 591 531 627 felicitas!
584 590 742 636 Denique
778 590 818 625 in
850 602 889 625 eo
918 589 1020 625 etiam
1053 601 1191 637 peccare
1223 587 1333 636 Chry-

172 667 306 715 sippum
332 666 433 710 dicit,
458 666 552 713 quod
573 666 647 702 viro
672 665 778 709 bono,
803 665 833 701 si
855 665 968 701 omnia
985 678 1046 701 sua
1071 666 1207 702 amittat
1231 665 1336 709 bona,

173 744 311 791 perinde
344 744 430 779 dicit
462 755 534 778 esse
571 755 609 778 ac
643 743 673 778 si
704 741 895 778 drachmam
926 742 1090 786 amiserit;
1117 743 1146 778 si
1171 745 1338 791 aegrotet,

173 832 211 856 ac
237 821 266 856 si
287 820 404 867 pedem
429 818 544 865 aliquo
564 819 751 867 impegerit.

158 945 169 949 ᾖ
221 896 401 937 Quomodo
429 896 512 931 haec
545 896 659 931 omnia
683 896 755 930 sint
780 894 1019 943 intelh'genda,
1053 907 1123 930 non
1157 907 1241 942 opus
1271 899 1337 938 est,

173 977 213 1010 ut
242 986 436 1009 moneamus
467 975 545 1020 post
570 985 607 1008 ea
631 985 717 1019 quae
741 973 936 1008 notavimus
962 972 1004 1008 ad
1031 972 1208 1009 Plutarchi
1234 973 1279 1009 1.l.
1306 987 1336 1021 p.

173 1052 267 1088 1043
293 1053 331 1088 F.
392 1051 512 1087 Unum
533 1051 599 1087 hoc
618 1050 909 1087 animadversione
935 1051 1078 1099 dignum
1096 1054 1163 1095 est,
1188 1064 1257 1098 quo
1282 1052 1337 1087 lu·-

173 1128 324 1164 culenter
348 1127 519 1175 probatur,
540 1127 764 1163 Plutarchum
784 1130 920 1175 propter
938 1128 1093 1163 studium
1106 1128 1333 1164 adversarium

173 1204 331 1252 carpendi
360 1215 606 1249 nonnunquam
642 1204 788 1250 turpiter
825 1215 959 1238 errasse.
1009 1202 1198 1239 Contendit
1228 1204 1338 1247 enim,

172 1285 401 1333 Chrysippum
427 1284 460 1321 τὸ
488 1285 685 1334 προηγμένον
714 1287 759 1333 τῷ
786 1283 900 1333 ἀγαθῷ
934 1285 1127 1332 συναγαγεῖν
1155 1282 1249 1333 ἐγγὺς
1282 1284 1337 1320 καὶ

172 1368 405 1417 συμμιγνύναι,
431 1367 535 1417 idque
558 1365 613 1401 his
637 1366 749 1402 verbis
771 1379 778 1400 :
807 1366 859 1413 (1)
880 1359 1048 1414 Ἔξεστιν,
1067 1365 1098 1401 εἴ
1121 1379 1166 1406 τις
1187 1364 1335 1413 βούλεται

171 1450 256 1486 κατὰ
273 1449 342 1490 »τὰς
370 1449 516 1489 τοιαύτας
545 1446 780 1498 παραλλαγὰς,
811 1446 846 1483 τὸ
873 1445 930 1496 μὲν
951 1446 1072 1496 ἀγαθὸν
1087 1447 1191 1484 αὐτῶν
1219 1446 1337 1497 λέγειν,

173 1533 208 1569 τὸ
235 1530 274 1568 δὲ
303 1531 416 1573 καλὸν,
451 1530 511 1567 ἐπί
534 1526 564 1579 γ’
596 1528 679 1565 αὐτὰ
708 1529 872 1579 φερόμενος
900 1529 942 1564 τὰ
970 1531 1168 1578 πράγματα,
1207 1528 1262 1564 καὶ
1292 1531 1337 1578 μὴ

172 1614 277 1656 ἄλλως
304 1613 590 1662 ἀποπλανώμενος,
625 1612 657 1647 ἐν
689 1611 747 1661 μὲν
782 1613 845 1653 τοῖς
877 1614 1118 1662 σημαινομένοις
1152 1613 1187 1650 οὗ
1215 1612 1336 1651 διαπί-

173 1711 300 1739 πτοντος
326 1696 440 1744 αὑτοῦ,
470 1696 512 1732 τὰ
540 1691 573 1731 δ’
605 1693 692 1730 ἄλλα
712 1695 951 1744 στοχαζομένου
980 1700 1034 1736 τῆς
1062 1696 1147 1732 κατὰ
1174 1696 1232 1738 τὰς
1260 1696 1336 1734 ὀνο-

172 1781 290 1829 μασίας
319 1779 491 1820 συνηθείας.

220 1857 443 1904 Perspicuum
461 1857 530 1898 est,
551 1854 781 1902 Chrysippum
801 1854 855 1890 his
870 1854 988 1891 -verbis
997 1854 1088 1890 nihil
1100 1856 1239 1892 omnino
1253 1869 1335 1892 con-

174 1936 290 1972 cedere
320 1934 413 1982 quod
439 1934 564 1969 attinet
589 1933 632 1969 ad
655 1945 708 1968 res
732 1933 839 1980 ipsas,
864 1932 923 1969 sed
942 1932 1008 1968 hoc
1026 1935 1161 1969 tantum
1180 1935 1337 1970 :nomina

171 2015 302 2050 mutare
323 2012 440 2055 licere,
465 2010 566 2047 modo
587 2011 665 2057 quis
687 2010 735 2046 ad
751 2023 804 2046 res
825 2010 921 2057 ipsas
945 2023 982 2045 se
1006 2010 1197 2057 astringat,
1222 2023 1282 2046 nec
1295 2011 1336 2046 ab

170 2092 225 2126 his
257 2090 450 2135 diquetum
486 2100 592 2134 neque
628 2088 666 2121 in
700 2087 748 2121 iis
781 2087 1006 2132 desiqnandis
1014 2087 1189 2133 fallatur.
1239 2087 1335 2126 Quid

173 2170 283 2203 autem
308 2167 359 2201 est
381 2163 558 2199 nominum
579 2163 739 2204 mutatio,
764 2162 864 2197 rebus
886 2174 956 2197 non
978 2162 1141 2197 mutatis?

222 2244 318 2282 Quae
354 2253 451 2288 porro
488 2239 664 2274 contendit
691 2239 896 2274 Plutarchus
923 2238 967 2273 1.1.
993 2251 1024 2285 p.
1055 2241 1146 2273 1048
1174 2239 1213 2274 Β.
1236 2243 1269 2274 et-
1296 2240 1333 2274 C.

213 2466 250 2499 (1)
272 2463 348 2490 l’lut.
381 2463 423 2490 l.l.
453 2473 480 2497 p.
521 2465 589 2489 1043
623 2462 661 2488 A.
