1524 2932
753 162 796 195 61

197 269 322 305 adsunt
342 272 453 306 tamen
479 283 597 307 causae
620 270 781 307 obscatae
807 265 975 318 (ἄδηλοι),
1000 283 1109 317 neque
1132 272 1240 319 igitur
1261 285 1345 321 opus

196 354 263 396 est,
279 355 320 388 ut
343 351 533 401 ἐπελεύσεις,
557 366 641 400 quas
663 353 800 396 dicunt,
825 352 1084 399 relinquamus.''

244 428 312 464 His
348 428 529 477 Chrysippi
563 429 666 465 dictis
699 429 765 464 alia
799 429 894 464 addit
918 429 1139 473 Plutarchus,
1163 443 1248 476 quae
1271 443 1349 466 cum

196 503 241 538 iis
265 503 356 539 haud
386 505 563 540 concinere
587 507 696 551 putat.

242 581 431 628 Inquisivit
472 580 545 616 scil.
582 580 809 629 Chrysippus,
846 581 946 628 quid,
985 581 1118 617 duobus
1155 582 1349 619 cursoribus

195 658 297 694 simul
320 661 443 694 metam
463 658 728 706 attingentibus,
747 658 861 706 judici
881 659 1074 695 faciendum
1087 660 1148 703 sit;
1169 663 1349 708 rogatque,

195 743 310 777 utrum
325 740 386 781 ,115
421 740 536 776 divelli
569 740 686 777 debeat
720 744 810 777 sorte
839 754 883 777 an
919 754 1000 777 casu
1033 742 1188 788 quodam.
1216 738 1348 790 (κλήρου

193 822 358 871 γενομένου
397 820 536 863 ἐνείλλως
568 821 654 858 κατὰ
694 823 751 861 τὴν
792 821 951 858 ἐπίκλισιν
995 822 1037 862 ὡς
1070 820 1193 870 ἔτυχε).
1256 824 1347 859 Dein

195 903 406 951 Chrysippus
427 904 465 939 in
484 904 584 940 rebus
605 903 738 951 parvuli
762 904 924 939 momenti
948 903 1073 953 ἀφιέναι
1108 908 1147 953 τῇ
1172 904 1214 945 ὡς
1238 905 1350 952 ἔτυχεν

192 984 347 1022 ἐπικλίσει
382 990 436 1027 τῆς
467 983 609 1026 διανοίας
638 984 735 1022 οἴεται
762 983 832 1021 δεῖν
856 986 913 1022 την
944 989 1065 1035 αἵρεσιν
1090 985 1351 1035 ἀποκληρώσαν-

194 1081 266 1110 τας,
301 1069 408 1105 veluti
441 1070 471 1104 si
503 1069 603 1105 nobis
635 1070 729 1116 optio
760 1069 860 1104 detur
883 1080 925 1103 ex
951 1068 1070 1103 duabis
1096 1068 1263 1104 drachmis
1297 1081 1350 1103 ae-

194 1144 369 1191 qualibus,
401 1157 509 1191 neque
541 1156 642 1179 causa
671 1144 765 1180 adest
798 1156 860 1179 our
892 1143 981 1179 hano
1004 1143 1140 1179 illamve
1164 1156 1351 1187 sumamus,

194 1227 319 1263 omissa
342 1226 501 1263 ulteriore
524 1210 754 1274 exploratione
777 1224 815 1264 ἣν
839 1226 935 1273 ἔτυχε
960 1223 1124 1274 ληψόμεθα
1140 1220 1209 1261 κατ’
1230 1222 1352 1266 ἄδηλον

193 1308 267 1345 τινὰ
297 1307 579 1358 ἀποκληρώσαντες
614 1307 713 1349 αὐτὰς
744 1306 850 1356 λόγον.

244 1384 448 1420 Plutarchus
465 1385 504 1420 in
521 1397 560 1420 eo
573 1384 802 1432 Chrysippum
815 1384 881 1420 sibi
894 1384 1140 1420 contradixisse
1152 1388 1281 1428 censet,
1294 1390 1349 1429 ut,

195 1479 274 1503 cum
298 1470 443 1503 sumeret
461 1466 495 1502 τὸ
509 1464 611 1515 μηδὲν
625 1466 786 1513 ἀναιτίως,
813 1467 978 1514 acceperit
1001 1465 1227 1516 ἀποκλήρωσιν
1243 1465 1297 1502 καὶ
1316 1466 1350 1503 τὸ

193 1549 236 1589 ὡς
265 1550 378 1596 ἔτυχεν
402 1547 561 1584 ἐπικλῖνον
578 1552 632 1587 τῆς
649 1545 806 1589 διανοίαις,
834 1560 939 1594 eoque
971 1548 1238 1583 indifferentium
1262 1548 1349 1583 elec-

193 1631 321 1667 tionem
344 1631 419 1666 ἅνευ
447 1631 553 1670 πάσης
584 1612 698 1669 αἰτίας.

243 1707 288 1742 In
316 1706 440 1753 quibus
474 1705 704 1753 dijudicandis
730 1705 880 1741 dolemus
904 1717 1071 1752 nusquam
1094 1718 1157 1741 nos
1180 1706 1352 1742 invenisse

196 1790 427 1826 definitionem
459 1788 642 1836 Chrysippi
678 1793 733 1829 τῆς
761 1788 877 1836 τύχης,
911 1790 980 1835 qua
1000 1790 1142 1825 inventa
1164 1788 1209 1824 lis
1234 1788 1351 1825 divelli

195 1867 317 1913 posset.
366 1865 521 1900 Sufficiat
553 1865 662 1913 igitur
701 1863 735 1900 11.
768 1864 792 1899 l.
822 1864 1100 1908 animadvertere,
1137 1865 1167 1900 si
1203 1864 1304 1901 verba
1333 1877 1352 1900 a

196 1940 381 1976 Plutarcho
411 1940 512 1977 allata
541 1943 746 1988 spectamus,
778 1952 849 1976 non
881 1941 1068 1976 necessario
1101 1940 1145 1976 iis
1169 1941 1279 1976 inesse
1301 1952 1354 1976 re-

196 2023 428 2071 pugnantiam.
489 2022 619 2058 Revera
655 2022 799 2065 inoeset,
836 2023 866 2057 si
904 2021 1114 2069 Chrysippus
1150 2022 1208 2060 τὴν
1250 2021 1354 2069 τύχην

196 2105 343 2142 ἀναιτίαν
367 2105 555 2149 habuisset,
580 2105 672 2152 quod
692 2118 734 2141 ex
755 2105 831 2141 loco
851 2105 988 2141 laudato
1014 2106 1137 2141 confici
1149 2118 1219 2140 non
1232 2107 1352 2152 potest.

197 2188 281 2237 Ejus
295 2188 462 2224 sententia
476 2190 567 2224 recte
579 2200 614 2224 se
626 2188 747 2224 habere
759 2188 909 2232 videtur,
923 2189 952 2225 si
968 2186 1066 2235 τύχη,
1082 2187 1116 2223 11.
1130 2200 1156 2223 e.
1169 2187 1253 2231 fors,
1265 2186 1353 2222 illud

198 2268 382 2308 statuatur,
408 2265 504 2312 cujus
523 2277 623 2300 causa
648 2265 742 2300 adest
767 2265 919 2311 quidem,
945 2265 1003 2299 sed
1025 2267 1180 2300 accurate
1191 2264 1353 2310 explicari

197 2361 266 2384 non
292 2351 412 2396 potest.
462 2348 567 2384 Porro
593 2348 684 2395 quod
707 2348 748 2383 ad
773 2346 989 2396 ἐπικλήρωσιν
1013 2347 1150 2390 attinet,
1171 2346 1256 2393 quid
1269 2347 1305 2382 in
1318 2359 1355 2382 ea
