1524 2932
739 185 782 218 27

181 298 304 323 nonem
334 288 525 323 statuerunt
540 310 542 313 -
557 285 751 334 philosophi
780 286 843 332 (1).
906 286 1027 334 Neque
1051 288 1162 321 tamen
1184 286 1271 322 hanc
1296 287 1338 322 ob

183 374 316 398 causam
340 374 409 398 non
434 363 548 399 referri
573 350 671 399 debet
696 362 762 397 hoc
782 361 945 409 placitum
967 362 1009 397 ad
1031 361 1220 397 doctrinam
1250 363 1340 398 Stoi-

186 451 278 482 cam,
310 452 414 488 quum
444 443 478 475 et
503 441 592 475 inter
621 439 814 486 Stoicorum
839 440 948 473 exstet
972 439 1086 480 effata,
1110 441 1144 473 et
1168 450 1246 474 cum
1270 441 1343 474 tota

182 515 318 551 illorum
350 515 565 563 philosophia
589 515 780 550 arctissime
805 512 988 549 cohaereat.
1050 505 1145 549 Haec
1174 515 1279 558 enim,
1304 518 1344 551 ut

185 608 286 644 supra
307 573 472 639 vidimus,
496 599 571 632 tota
594 596 709 631 referri
729 598 842 643 potest
859 595 902 631 ad
926 595 1015 631 illud
1039 596 1262 644 principium,
1287 597 1343 635 τὴν

184 678 290 717 κοινὴν
317 678 409 728 φύσιν
422 691 448 714 s.
461 676 513 714 τὸν
541 675 630 727 ὀρθὸν
657 676 762 726 λόγον.
814 676 910 717 Quid
931 676 1044 712 Zeno?
1096 677 1183 720 Hic,
1208 680 1344 713 auctore

184 753 362 796 Cicerone,
389 766 489 788 ascum
515 753 702 800 superiores
726 765 797 788 non
822 765 954 788 0111118111
975 753 1138 789 virtutem
1158 755 1196 789 in
1214 755 1344 790 ratione

183 842 254 866 esse
284 830 450 872 dicerent,
484 829 542 864 sed
567 829 728 878 quasdam
753 829 899 865 virtutes
924 831 1046 865 natura
1072 832 1130 865 aut
1155 843 1245 866 more
1268 843 1343 878 per-

184 911 305 952 fectas,
335 921 449 944 01111185
474 909 523 958 ¹in
547 908 678 943 ratione
702 907 864 955 ponebat3
899 919 1043 955 cumque
1067 906 1122 941 1111
1154 920 1192 942 88
1223 920 1345 955 genera

185 986 367 1028 virtutum,
392 997 477 1033 quae
497 996 598 1032 supra
619 984 707 1026 dixi,
733 984 867 1031 sejungi
887 995 985 1031 posse
1005 983 1264 1028 arbitrarentur,
1288 984 1345 1020 hic

189 1075 252 1099 nec
275 1063 312 1098 id
341 1062 413 1098 ullo
433 1062 534 1098 modo
559 1063 631 1098 fieri
652 1074 749 1109 posse
774 1060 973 1104 disserebat,
1003 1073 1065 1096 nec
1086 1061 1226 1096 virtutis
1247 1073 1347 1096 usum

190 1139 306 1182 modo,
330 1141 370 1174 ut
395 1138 595 1185 superiores,
620 1137 679 1173 sed
698 1138 810 1184 ipsum
838 1136 992 1173 habitum
1017 1148 1075 1183 per
1099 1149 1135 1171 se
1158 1149 1230 1172 esse
1253 1149 1347 1184 prae-

188 1215 330 1256 clarum,
354 1226 417 1248 nec
438 1217 549 1249 tamen
575 1214 736 1249 virtutem
758 1214 916 1261 cuiquam
941 1213 1071 1255 adesse,
1096 1214 1180 1260 quin
1201 1215 1241 1248 ea
1262 1226 1346 1249 sem-

187 1302 245 1337 per
267 1292 438 1325 uteretur''
455 1289 518 1336 (2).
567 1288 772 1325 Plutarchus
794 1288 830 1324 11.
852 1291 985 1331 narrat,
1009 1288 1177 1324 Zenonem
1200 1289 1347 1325 diversas

188 1373 346 1415 virtutes,
371 1371 454 1407 licet
477 1371 568 1406 inter
592 1382 627 1405 58
653 1370 824 1411 differant,
850 1374 962 1406 tamen
986 1370 1186 1421 ἀχωρίστους
1212 1371 1347 1416 dixisse,

189 1468 310 1504 easque
349 1456 399 1490 ita
433 1453 640 1496 definivisse,
677 1457 717 1489 nt
749 1466 818 1489 una
853 1454 900 1489 sit
933 1454 1058 1496 virtus,
1094 1454 1152 1489 sed
1170 1467 1255 1503 quae
1273 1455 1348 1506 πρὸς

187 1537 229 1573 τὰ
250 1539 430 1586 πράγματα
453 1536 585 1583 σχέσεσι
611 1536 696 1571 κατὰ
723 1536 780 1576 τὰς
809 1535 963 1585 ἐνεργείαις
987 1534 1143 1585 διαφέρει.

237 1611 447 1658 Chrysippus
469 1610 607 1645 eandem
636 1610 787 1660 ac,Zeno
810 1609 875 1645 hac
899 1610 937 1645 in
966 1622 1002 1645 re
1026 1611 1180 1658 sequitur
1212 1615 1347 1648 senten-

187 1689 279 1723 tiam.
329 1686 534 1722 Plutarchus
558 1699 634 1721 eum
658 1686 694 1721 11.
725 1699 802 1721 811111
824 1686 958 1721 Zenone
983 1688 1163 1723 convenire
1189 1687 1289 1732 dicit,
1314 1693 1349 1726 et

189 1763 271 1799 alibi
304 1763 375 1810 ejus
413 1762 513 1799 verba
550 1763 660 1805 affert,
697 1773 781 1811 quae
816 1761 1007 1798 luculenter
1038 1762 1120 1798 huic
1154 1770 1350 1813 congrth

190 1846 358 1894 paradoxo
373 1846 436 1894 (3).
477 1844 546 1886 Τὰς
572 1845 688 1894 ἀρετάς
710 1857 805 1894 φησιν
832 1841 865 1892 (ὅ
882 1841 1087 1894 Χρύσιππος)
1112 1845 1351 1884 ἀντακολουθεῖν

228 1964 268 1999 (1)
289 1963 373 1991 Conf.
402 1963 475 1990 inter
503 1963 573 1991 alios
605 1962 666 1990 Cic.
699 1963 734 1990 de
753 1961 835 1990 Orat.
855 1962 880 1990 Ι.
900 1970 963 1998 cap.
986 1965 1018 1990 18
1037 1966 1065 1990 et
1082 1962 1161 1990 Plut.
1184 1963 1219 1992 de
1241 1964 1354 1994 Virtute

190 2014 291 2042 morali
318 2023 347 2049 p.
374 2016 428 2040 440
461 2013 497 2041 F.
530 2028 566 2034 —
596 2013 659 2041 Hoc
680 2013 744 2041 loco
766 2017 938 2041 memoratus
955 2013 1054 2041 Aristo
1076 2013 1181 2047 Chius,
1202 2015 1266 2049 qui,
1286 2025 1349 2044 cum

192 2072 341 2105 virtutem,
362 2071 438 2107 quod
456 2071 492 2098 811
513 2068 614 2098 οὐσίαν
628 2089 637 2104 ,
663 2080 743 2099 unam
763 2071 894 2105 dixisset,
913 2070 1021 2105 varias,
1040 2079 1110 2107 quae
1132 2072 1278 2107 dicuntur,
1297 2074 1353 2101 vir·

190 2126 263 2150 tutes
281 2122 321 2150 ita
339 2130 368 2150 se
390 2122 491 2150 habere
513 2126 624 2156 monet,
644 2131 677 2150 88
702 2123 727 2150 si
746 2123 810 2158 quis
828 2123 922 2150 visum
941 2126 1083 2156 nostrum,
1110 2123 1133 2150 si
1149 2132 1193 2151 res
1214 2124 1292 2153 albas
1308 2126 1351 2153 in-

190 2181 338 2217 spicimus,
358 2181 497 2217 appellare
519 2181 586 2208 velit
609 2177 756 2208 λευκοθέαν
773 2200 781 2214 ,
802 2181 827 2208 si
855 2189 899 2208 res
933 2181 1029 2216 nigras
1051 2177 1206 2217 μελανθέαν
1224 2185 1294 2208 caet.

230 2235 270 2269 (2)
291 2233 351 2261 Cic.
382 2233 474 2260 Acad.
504 2232 621 2266 Quaest.
651 2232 676 2259 Ι.
706 2240 732 2259 8.
762 2235 805 2259 10.
835 2231 921 2259 Conf.
940 2232 1074 2259 Davisius
1093 2232 1129 2259 ad
1148 2232 1223 2259 hunc
1240 2231 1350 2264 locum,

192 2284 278 2320 [apud
297 2292 360 2311 eum
379 2292 441 2318 cap.
464 2286 519 2315 ll].
559 2283 727 2309 Plutarchus
748 2283 793 2317 (dc
812 2282 900 2310 Stoic.
920 2283 1050 2317 Repugn.
1071 2291 1099 2317 p.
1115 2285 1184 2309 1034
1195 2282 1242 2317 C.)
1258 2282 1351 2309 minus

191 2339 265 2363 recte
283 2339 362 2371 putat
380 2334 524 2362 Zenonem
543 2337 571 2362 et
589 2332 778 2369 Chrysippum
798 2334 849 2361 hac
869 2334 898 2361 in
917 2341 946 2361 re
966 2333 1017 2361 sibi
1038 2342 1218 2369 repugnasse.

231 2387 271 2422 (3)
290 2386 335 2414 1)8
354 2386 440 2414 Stoic.
461 2385 591 2422 Repugn.
612 2394 641 2421 p.
665 2388 734 2412 1046
754 2385 777 2412 F
