1524 2932
723 266 768 300 50

167 381 227 405 cus
246 382 264 404 a
287 369 470 405 Plutarcho
492 369 629 412 aflatus,
653 369 713 404 ubi
743 368 801 404 ille
826 368 1036 417 Theognidis
1057 372 1228 421 corrigens
1247 382 1320 407 ver-

168 460 225 482 sus
251 447 373 482 statuit
400 461 405 481 ;

275 607 341 655 χρὴ
370 605 485 641 κακίαν
514 605 666 655 φεύγοντα
693 603 747 639 καὶ
775 603 805 645 ἐς
834 602 1014 651 βαθυκήτεα
1043 603 1154 640 πόντον

275 688 397 736 ῥιπτεῖν
425 687 479 723 καὶ
509 689 649 737 πετρῶν,
681 686 804 736 Κύρνε,
833 682 902 723 κατ’
932 684 1108 734 ἠλιβάτων.
1139 683 1194 734 (l)

213 991 317 1026 Plura
339 991 380 1026 de
403 990 468 1026 hoc
493 990 618 1037 placito
639 991 699 1036 qui
719 990 828 1038 legere
846 991 976 1038 cupiat,
993 991 1218 1027 Baumhaueri
1226 991 1323 1028 adeat

163 1066 288 1102 librum
313 1066 446 1114 saepius
476 1079 494 1101 a
527 1078 580 1102 me
609 1065 800 1110 laudatum,
824 1078 891 1113 quo
924 1067 1116 1103 Stoicorum
1143 1067 1184 1104 de
1214 1071 1323 1105 morte

163 1143 356 1179 voluntaria
377 1143 565 1178 sententiae
585 1145 675 1177 recte
700 1142 962 1190 distinguuntur
983 1143 1024 1179 ab
1044 1144 1103 1187 iis,
1128 1156 1212 1190 quae
1234 1145 1275 1192 (e.
1287 1157 1321 1192 g.

163 1221 254 1257 vitae
279 1232 453 1255 aerumnas
490 1218 641 1254 evitandi
674 1218 841 1266 studium)
869 1231 965 1266 saepe
996 1218 1149 1255 homines
1180 1219 1322 1256 leviores

163 1297 205 1332 ad
227 1297 457 1332 voluntarium
478 1308 497 1331 e
528 1296 601 1331 vita
624 1307 798 1330 excessum
822 1294 1011 1342 impellunt.
1062 1296 1184 1332 Gravis
1217 1297 1322 1339 enim,

162 1374 231 1409 imo
251 1372 453 1421 gravissima
478 1383 578 1407 causa
599 1370 784 1406 seeundum
817 1371 951 1407 Stoicos
976 1371 1175 1418 requirissur,
1199 1374 1240 1408 ut
1269 1384 1322 1408 sa-

162 1452 259 1498 piens
285 1450 351 1485 sibi
376 1451 518 1484 mortem
551 1448 689 1490 infel-aiz,
726 1459 828 1493 eaque
855 1447 950 1491 talis,
974 1460 1059 1493 quae
1087 1449 1124 1483 in
1149 1448 1321 1496 wlgarem

161 1526 333 1568 hominem
358 1524 476 1561 cadere
492 1536 666 1570 nunquam
690 1523 807 1571 possit.

199 1741 237 1775 (1)
258 1739 366 1767 Versus
385 1738 556 1773 Theognidis
574 1737 614 1765 sic
633 1745 663 1765 se
681 1737 784 1765 habent
804 1746 811 1764 ε

307 1789 407 1834 ”Ανδρ’
430 1791 538 1833 ἀγαθὸν
560 1793 642 1824 πενίη
667 1792 782 1822 πάντων
805 1790 932 1832 δάμνησι
954 1791 1084 1832 μάλιστα
1099 1814 1107 1828 ,

357 1850 416 1880 Καὶ
437 1852 534 1891 γήρως
554 1849 674 1886 πολὶου,
699 1850 808 1890 Κύρνε,
832 1848 881 1878 καὶ
903 1848 1042 1882 ἠπιάλου·

310 1904 360 1938 Ἢν
384 1907 420 1940 δὴ
444 1908 502 1948 χρὴ
526 1908 667 1948 φεύγοντα
689 1906 738 1936 καὶ
762 1906 788 1941 ἐς
808 1909 1029 1947 μεγακήτεα
1049 1906 1153 1937 πόντον

359 1961 482 1995 ‘Pennino
504 1964 554 1994 καὶ
576 1969 702 2006 πετρῶν,
726 1964 832 2005 Κύρνε,
858 1959 920 1994 κατ’
943 1962 1104 2005 ἠλιβάτων.

160 2021 245 2050 Conf.
270 2021 393 2057 Baguet„
409 2020 453 2048 l.1.
474 2030 502 2057 p.
523 2022 587 2048 330.
