1524 2932
718 252 762 284 90

209 354 368 389 uVitiose
388 355 501 389 vivere
520 352 610 387 idem
631 365 717 395 esse,
742 352 835 398 quod
856 353 969 388 vivere
989 354 1191 389 infeliciter”
1212 353 1322 399 Chry-

158 439 275 485 sippus
308 450 414 484 quum
445 438 592 479 statuat,
626 435 716 471 idem
739 426 853 471 tamen
878 435 1057 472 contendit
1093 437 1139 471 ὅτι
1167 434 1328 473 λυσιτελεῖ

157 523 217 568 ζῇν
264 522 388 569 ἄφρονα
426 517 575 568 μᾶλλον,
615 517 635 556 ἢ
676 514 751 567 (μὴ)
787 515 896 564 βιοῦν,
942 516 1005 553 κᾶν
1031 514 1192 567 μηδέποτε
1220 517 1322 568 μέλλῃ

156 605 335 652 φρονήσειν.
393 601 600 638 Plutarchus
633 612 804 648 perperam
840 600 934 636 hisce
974 601 1087 637 verbis
1129 601 1323 649 significare

157 698 234 721 611111
277 684 426 721 voluisse
463 686 577 719 censet
618 681 793 719 λυσιτελεῖν
838 681 872 718 τὸ
919 683 1059 732 ἀφρόνως
1105 685 1166 732 ζῇν
1198 694 1205 716 :
1231 684 1323 730 quod

156 760 341 809 Chrysippi
367 760 461 796 dicto
481 771 553 795 non
577 759 741 805 quadrare
765 759 981 807 perspicuum
1002 762 1068 803 ost,
1093 772 1199 806 quum
1211 760 1242 795 is
1251 772 1323 796 non

157 844 214 881 τὴν
243 842 440 892 ἀφροσύνην,
468 842 526 877 sed
551 841 585 876 τὸ
613 844 673 889 ζῇν
702 841 859 888 prodesse
879 843 1058 888 insipienti
1079 845 1217 878 statuat.
1255 843 1324 878 Re-

157 922 315 969 pugnant
339 932 418 956 vero
442 919 498 955 his
518 917 705 954 seeundum
729 918 952 954 Plutarchum
965 931 1017 963 ea,
1042 931 1127 966 quae
1139 918 1221 955 alibi
1235 919 1325 956 dixit

158 1002 371 1049 Chrysippus
407 1014 414 1035 z
443 997 545 1049 μηδὲν
574 999 653 1035 εἶναι
684 1000 746 1040 τοῖς
774 1002 889 1048 ἄφροσι
917 998 1088 1042 λυσιτελές.
1157 1001 1325 1037 Concedi-

157 1093 234 1115 mus
258 1079 356 1121 haec,
382 1077 475 1125 quod
501 1077 543 1112 ad
569 1076 670 1113 verba
691 1077 831 1119 attinet,
857 1080 968 1124 aperte
992 1078 1083 1114 inter
1104 1091 1139 1114 se
1159 1091 1325 1127 pugnare3

159 1156 312 1192 dolemus
346 1167 425 1191 vero
460 1154 504 1190 ob
536 1153 642 1189 libros
676 1153 861 1200 Chrysippi
895 1153 1087 1201 deperditos
1119 1154 1222 1202 hujus
1257 1155 1327 1192 loci

160 1236 360 1269 contextum
384 1232 484 1268 nobis
505 1244 576 1266 non
601 1234 723 1278 patere.
775 1230 932 1266 Fortasse
957 1231 1038 1267 inde
1057 1232 1193 1278 probari
1213 1238 1327 1280 posset

158 1322 236 1345 eum
275 1307 387 1345 verbis
426 1321 433 1342 ι
474 1307 675 1354 ainsipienti
717 1305 807 1342 nihil
841 1306 1018 1354 prodesse''
1055 1320 1116 1356 pro
1150 1309 1328 1346 subtiliore

139 1372 270 1435 'ipsius
304 1384 566 1433 argumentandi
599 1385 732 1419 ratione
765 1383 830 1419 hoc
855 1385 1066 1432 significasse
1092 1399 1098 1421 :
1123 1386 1214 1422 nihil
1238 1391 1326 1424 eate-

158 1476 225 1500 nus
255 1462 413 1511 prodesse
445 1461 641 1508 insipienti,
679 1462 846 1507 quatenus
884 1460 987 1496 ducat
1017 1461 1060 1496 ad
1080 1462 1242 1499 virtutem
1268 1467 1327 1500 aut

158 1541 367 1576 felicitatem.
417 1537 537 1572 Vitam
561 1549 642 1573 vero
667 1536 824 1583 prodesse
848 1537 1027 1583 insipienti
1048 1541 1186 1574 eatenus
1199 1542 1327 1575 statue-

161 1631 196 1654 re
221 1619 369 1665 poterat,
399 1617 568 1662 quatenus
589 1613 671 1650 haec
697 1614 729 1649 61
750 1614 866 1649 afferat
892 1613 1047 1658 divitias,
1072 1614 1248 1660 honorem,
1274 1629 1329 1653 oe-

161 1702 247 1742 tera,
286 1710 371 1744 quae
408 1697 491 1732 licet
524 1709 543 1731 a
580 1696 730 1743 sapiente
763 1693 929 1745 ἀδιάφορα
954 1695 1157 1741 habeantur,
1182 1698 1328 1745 aliquam

162 1785 276 1817 tamen
301 1781 365 1821 τοῖς
393 1778 523 1828 φαύλοις
548 1781 664 1814 afferre
689 1778 800 1814 solent
824 1778 998 1815 laetitiam.
1049 1780 1116 1815 Sed
1134 1781 1206 1828 ipse
1218 1781 1329 1829 Chry-

164 1864 282 1912 sippus
311 1865 430 1899 nostro
459 1862 536 1898 1000
570 1863 807 1910 argumentum
838 1862 933 1896 affert
959 1861 1148 1910 adjungens
1170 1875 1177 1897 ε
1202 1864 1331 1899 τοιαῦτα

164 1946 231 1993 γὰρ
260 1944 390 1992 τάγαθά
418 1944 484 1980 ἐστι
514 1945 578 1984 τοῖς
606 1943 800 1992 ἀνθρώποις,
830 1945 1053 1994 ὥστερτρόπον
1081 1945 1153 1980 τινὰ
1182 1945 1224 1980 τὰ
1244 1946 1331 1980 κακὰ

165 2023 260 2075 (τῶν)
301 2026 367 2062 ἀνὰ
397 2025 493 2074 μέσον
521 2026 693 2075 προτερεῖν.
747 2018 844 2061 Ἐστι
874 2021 943 2061 δὀὐ
971 2028 1070 2062 ταῦτα
1098 2029 1331 2077 προτεροῦντα,

162 2105 236 2145 ἀλλ’
268 2110 284 2145 ὁ
312 2108 427 2157 λόγος,
456 2103 524 2156 μεθ’
554 2104 589 2143 οὗ
619 2106 709 2155 βιοῦν
737 2106 906 2155 ἐπιβάλλει
931 2107 1072 2157 μᾶλλον,
1103 2110 1157 2145 καὶ
1175 2110 1203 2146 εἰ
1225 2112 1332 2160 ἄφρο-

164 2207 211 2233 νες
239 2191 372 2240 ἐσόμεθα
400 2193 464 2239 (1).
515 2192 597 2227 Non
620 2204 704 2239 opus
730 2194 795 2234 est,
821 2195 860 2227 ut
885 2192 1003 2235 verba,
1037 2193 1162 2239 quibus
1195 2192 1331 2228 Plutar-

207 2325 245 2358 (l)
267 2322 376 2349 Eadem
395 2320 548 2357 Chrysippi
572 2323 657 2350 verba
683 2328 876 2350 memorantur
888 2324 963 2358 apud
978 2323 1163 2350 Plutarchum
1173 2323 1207 2350 de
1221 2322 1334 2350 Comm.

168 2379 258 2406 Nom.
288 2388 316 2413 p.
351 2381 421 2405 1054
451 2379 491 2412 F,
522 2380 569 2405 ubi
597 2381 708 2407 additur
734 2391 738 2406 ε
763 2382 856 2417 χεῖρον
880 2379 938 2417 γάρ
962 2378 1020 2407 ἐστι
1043 2376 1074 2406 τὸ
1100 2375 1205 2416 ἄλογον
1231 2377 1277 2406 καὶ
1302 2376 1334 2406 τὸ

168 2431 302 2464 αἰσθητὸν
326 2429 398 2461 εἶναι
422 2435 472 2461 τοῦ
497 2434 652 2472 ἀφραίνειν,
