1524 2932
751 223 794 257 76

186 331 219 364 et
254 327 357 364 simul
382 326 546 362 laetitiam
576 326 677 360 istam
704 336 781 359 cum
807 324 973 359 bonorum
1002 324 1129 372 gaudio
1154 327 1350 373 permutare.

186 405 224 440 Si
257 416 397 451 reponas
424 417 431 438 z
459 402 566 437 ualtel·
602 401 712 449 igitur
747 412 860 436 revera
892 412 963 435 non
987 400 1128 448 gaudet,
1165 401 1249 437 alter
1274 413 1352 438 vero

184 493 255 516 non
289 480 415 529 gaudet
448 478 558 515 alieno
582 478 689 522 malo,
723 490 799 514 cum
824 477 861 513 id
890 477 1018 513 bonum
1041 476 1198 522 habeat;''
1234 491 1353 515 conce-

187 559 299 593 dimus
321 558 506 604 Chrysippi
532 557 735 593 sententiam
758 556 965 603 probandam
990 568 1069 591 esse.
1120 557 1177 591 Ita
1197 569 1276 593 vero
1297 570 1353 593 ac-

189 636 325 681 ceptum
350 633 422 680 ejus
448 632 668 668 enunciatum
690 631 733 667 ad
754 631 960 679 sophismata
981 632 1095 668 referri
1117 631 1224 668 debet.
1275 632 1354 669 Vox

188 715 440 765 ἐπιχαιρεκακία
465 715 770 750 contradictionem
800 716 969 758 continet,
995 716 1025 750 si
1049 727 1163 758 nemo,
1187 715 1247 762 qui
1272 714 1355 751 alio-

187 810 262 834 rum
295 798 393 833 malis
418 798 560 846 gaudet,
586 798 628 833 ad
654 798 825 847 χαίροντας
849 799 964 834 referri
989 801 1110 846 potest.

238 874 294 910 Ad
315 874 539 910 Plutarchum
561 874 749 918 redeamus,
774 876 834 922 qui
855 887 926 911 non
951 875 988 910 id
1010 876 1083 924 agit
1103 863 1148 911 *ut
1171 874 1355 924 Chrysippi

190 953 394 987 sententiam
424 952 660 987 ratiocinando
681 953 822 995 refutet,
859 952 917 987 sed
939 953 1034 988 affert
1055 951 1203 999 ejusdem
1225 952 1356 988 dictum

189 1028 271 1063 huic
297 1028 514 1063 contrarium.
566 1027 637 1063 Hic
660 1029 751 1063 enim
771 1032 949 1075 postquam
971 1030 1041 1077 egit
1063 1029 1105 1065 de
1130 1030 1243 1065 dolore
1255 1042 1356 1077 prop-

191 1112 243 1144 ter
267 1108 356 1144 bona
379 1109 502 1152 aliena,
527 1109 577 1144 ita
602 1110 713 1156 pergit
740 1123 746 1144 :
772 1109 870 1159 ταύτῃ
900 1108 938 1145 δὲ
969 1106 1022 1159 (τῇ
1050 1106 1151 1160 λύπῃ)
1182 1111 1318 1159 συνεχὴς
1334 1111 1354 1150 ἡ

191 1189 440 1239 ἐπιχαιρεκακία
458 1191 595 1240 γίνεται,
617 1191 778 1232 ταπεινούς
798 1190 998 1241 βουλομένων
1016 1193 1095 1229 εἶναι
1114 1193 1182 1235 τοὺς
1202 1193 1354 1241 πλησίον,

191 1274 275 1314 ὅπως
301 1272 502 1323 ὑπερέχωσιν
531 1273 631 1310 αὐτοί.
683 1274 868 1311 Plutarcho
882 1276 1114 1321 concedimus,
1127 1276 1355 1325 Chrysippum

192 1350 255 1385 hac
280 1352 317 1385 in
339 1362 375 1385 re
400 1351 466 1386 sibi
490 1363 561 1386 non
587 1353 749 1387 constare.
