1524 2932
747 215 793 248 42

239 323 367 359 Contra
402 323 467 358 alia
503 324 565 358 τῶν
594 319 779 372 ἀδιαφόρων
813 321 977 357 dicuntur
1009 323 1263 374 ἀποπροηγμένα
1290 326 1355 374 (re-

182 407 300 453 Jecta).
351 406 440 441 Sunt
465 417 503 440 ea
536 405 577 440 τὰ
606 402 772 454 ἀδιάφορα
801 402 940 446 ἀναξίαν
966 383 1103 453 ἔχονται,
1133 409 1197 449 τοῖς
1226 421 1354 458 προηγ-

188 489 292 536 μένόις
317 500 454 536 prorsus
479 488 642 535 opposita.
677 487 733 523 Ad
757 499 795 522 ea
818 487 1010 523 referuntur
1033 499 1138 531 mom,
1163 492 1356 537 paupertim,

188 565 314 608 morbi,
340 565 544 613 ignominia,
571 569 688 600 cetera.

238 642 407 684 Pretium,
440 641 531 687 quod
556 642 693 687 utrique
716 640 831 688 generi
862 643 921 677 aut
953 640 1169 689 adjudicatur
1203 645 1263 677 aut
1296 654 1355 679 ne-

189 722 307 766 gatur,
337 718 517 753 criterium
554 717 670 760 habet,
703 717 986 763 quemadmodum
1010 717 1140 764 reliqua
1161 717 1355 753 Stoicorum

189 801 365 848 praecepta
390 797 530 834 moralia
543 826 552 842 ,
577 799 615 834 in
652 803 691 848 τῇ
715 803 803 847 κοινῇ
832 798 935 849 φύσει.
994 798 1046 835 Ut
1078 799 1116 834 in
1154 798 1290 847 placitis
1317 798 1358 834 de

190 882 320 918 virtute
344 881 386 917 τοὶ
416 881 500 930 μέσα
525 893 562 916 ea
587 882 768 924 vocantur,
793 893 877 928 quac
909 881 1024 916 referri
1049 893 1120 916 non
1144 883 1289 929 possunt
1314 880 1357 916 ad

191 968 246 1004 τῆς
274 967 378 1003 κοινῆς
407 962 525 1011 φύσεως
562 965 756 1009 praecepta,
793 962 851 997 sed
884 965 997 998 tamen
1032 962 1244 1010 aliquatenus
1278 975 1356 998 cum

192 1053 229 1075 ea
263 1039 489 1082 conveniunt3
524 1039 575 1074 sic
607 1039 645 1074 in
681 1038 837 1075 doctrina
870 1039 911 1075 de
943 1039 1107 1076 felicitate
1131 1053 1169 1076 ea
1195 1040 1358 1076 dicuntur

190 1118 377 1170 ἀδιάφορα,
411 1132 496 1166 quae
521 1119 563 1154 ad
587 1119 676 1155 hanc
705 1132 775 1155 non
801 1121 920 1156 stricte
947 1122 1184 1168 requiruntur,
1217 1121 1276 1157 sed
1300 1123 1360 1157 aut

194 1216 273 1239 cum
306 1206 430 1238 natura
456 1203 627 1238 communi
652 1203 863 1239 conveniunt
900 1199 957 1250 (τὰ
986 1198 1204 1253 προηγμένα),
1239 1206 1299 1239 aut
1328 1204 1359 1238 ei

193 1287 387 1333 repugnant
426 1280 483 1332 (τὰ
520 1279 786 1334 ἀποπροηγμένα)
826 1285 890 1333 (1).
957 1284 1008 1320 Ea
1049 1297 1134 1332 quae
1172 1284 1358 1321 secundum

192 1364 349 1397 naturam
384 1364 466 1397 sunt
500 1362 590 1396 Zeno
622 1361 783 1397 sumenda
813 1362 926 1405 docet,
959 1363 1143 1410 rejicienda
1181 1364 1358 1399 contraria.

191 1438 292 1484 Ἀξιά
320 1444 384 1477 τῶν
413 1442 622 1491 προηγμένων
656 1441 842 1477 secundum
876 1442 1010 1478 Stoicos
1040 1446 1091 1478 est
1123 1444 1143 1482 ἡ
1164 1444 1260 1494 χρεία
1276 1458 1359 1493 συμ-

193 1523 377 1573 βαλλομένη
406 1522 483 1573 πρός
513 1523 565 1559 τὸν
593 1524 678 1559 κατὰ
709 1523 801 1573 φύσιν
829 1522 912 1570 βίον.
942 1525 994 1572 (2)

243 1607 416 1653 Denique,
441 1610 481 1642 ut
507 1618 607 1653 supra
634 1606 799 1649 diximus,
824 1606 964 1641 tertium
997 1608 1062 1642 τῶν
1089 1603 1274 1656 ἀδιαφόρων
1305 1619 1363 1654 ge-

193 1695 259 1717 nus
290 1685 341 1717 est
371 1693 485 1716 eorum
516 1693 601 1727 quae
634 1682 754 1716 stricte
781 1681 831 1715 ita
861 1681 1040 1724 dicuntur,
1065 1694 1150 1727 quae
1169 1694 1278 1727 neque
1304 1694 1362 1729 ap-

194 1759 393 1806 petitionem
442 1770 552 1804 nequc
584 1758 828 1793 aversationem
856 1761 1010 1801 movent,
1048 1760 1149 1804 atque
1175 1758 1256 1793 adeo
1281 1757 1359 1794 nul-

195 1835 264 1871 lius
289 1837 372 1870 sunt
392 1835 564 1869 momenti.
614 1833 709 1869 Haec
738 1837 859 1869 neutra
884 1836 1059 1870 vocantur.

246 1910 363 1950 Quum
392 1911 501 1957 igitur
535 1910 644 1945 Stoici
678 1910 841 1945 virtutem
874 1912 908 1945 et
938 1910 1135 1945 felicitatem
1168 1911 1218 1946 ita
1242 1910 1362 1946 defini-

197 1989 273 2030 ant,
298 1989 339 2022 ut
361 1986 475 2022 ambae
495 1986 626 2021 eaedem
648 1986 716 2021 fere
733 1986 804 2021 sint
825 1985 997 2021 habendae
1016 2000 1022 2020 :
1042 1988 1150 2021 cetera
1163 1998 1256 2029 vero,
1278 1999 1363 2033 quae

197 2062 368 2109 possidere
400 2061 577 2096 hominum
602 2063 759 2104 interest,
784 2061 875 2107 quod
901 2061 943 2096 ad
967 2061 1164 2097 felicitatem
1189 2064 1223 2097 et
1252 2063 1363 2098 virtu-

196 2148 266 2181 tem
292 2144 431 2186 attinet,
456 2140 622 2192 ἀδιάφορα
648 2145 817 2187 statuant3
842 2155 956 2187 nemo,
980 2143 1035 2180 his
1048 2143 1213 2191 probatis,
1238 2143 1364 2180 offendi

237 2359 275 2393 (1)
296 2357 357 2386 Cic.
374 2357 466 2385 Acad.
491 2358 607 2392 Quaest.
629 2359 653 2385 1.
677 2367 702 2386 c.
728 2362 770 2385 10.

237 2409 276 2442 (2)
299 2408 384 2442 Diog.
408 2408 443 2435 L.
465 2408 528 2435 Lib.
553 2408 622 2435 VII.
650 2409 664 2442 ,Ε
690 2411 751 2435 105.
