1524 2932
747 194 791 228 39

184 295 381 342 impositum
413 296 460 330 sit
495 296 644 331 officium
669 295 765 331 illius
796 307 874 330 cum
908 295 1036 331 virtute
1066 296 1340 342 conjunctionem

186 370 388 407 declarandi.
439 372 517 411 Hoc
541 374 631 408 enim
655 372 827 421 neglectO,
853 372 977 420 duplex
1002 374 1093 409 vitae
1106 374 1184 409 finis
1197 372 1344 415 adesset,

185 450 220 484 et
251 451 292 485 ut
320 450 463 497 quisque
495 453 555 487 aut
583 449 780 486 felicitatem
805 452 865 485 aut
895 450 1056 486 virtutem
1086 452 1269 497 appeteret;
1295 451 1342 486 ita

186 524 348 562 alterutra
370 527 479 575 magis
503 527 660 561 minusve
684 538 795 561 carere
816 525 959 561 deberes.

235 600 331 641 Quid
355 601 418 638 hac
440 602 481 637 de
505 613 541 637 re
563 602 747 638 statuerint}
768 602 893 646 Stoici,
918 602 1112 650 praesertim
1126 602 1347 650 Chrysippus,

187 677 286 714 nobis
311 679 349 714 in
370 678 436 714 hoc
456 678 567 726 capite
591 679 832 726 inquirendum
856 682 917 716 est.

235 755 374 791 Summo
394 754 500 799 bono,
524 755 654 791 ut⁴h00
674 757 820 804 primum
844 769 1013 799 moneam,
1038 757 1236 803 significant
1260 756 1348 791 illud

187 832 231 867 ad
255 831 362 878 quod,
387 844 493 877 quum
517 833 628 879 ipsum
646 833 689 868 ad
713 833 842 868 nullam
864 833 963 868 aliam
976 845 1045 868 rem
1058 834 1236 876 referatur,
1261 836 1350 869 cete-

187 924 243 948 rae
262 924 314 948 res
336 924 451 948 omnes
471 913 662 949 referuntur
675 927 682 949 t
696 912 730 949 τὸ
758 912 860 961 τέλος,
889 910 925 949 οὗ
953 901 1043 949 ἕνεκα
1071 915 1179 950 πάντα
1207 915 1352 963 πράττε-

189 1006 242 1030 ται
271 993 348 1042 μὲν,
398 993 474 1030 αὐτὸ
501 993 541 1030 δὲ
568 997 743 1044 πράττεται
772 993 896 1036 οὐδενὸς
922 997 1013 1030 ἕνεκα
1040 996 1104 1041 (1).
1154 994 1249 1029 Illud
1267 994 1353 1034 τέλος

190 1076 319 1112 Stoicis
342 1078 395 1112 est
435 1074 470 1112 τὸ
514 1074 725 1125 εὐδαιμονεῖν.
790 1074 993 1126 Εὐδαιμονία
1033 1077 1218 1113 secundum
1245 1077 1352 1112 Zeno-

190 1159 246 1193 nis
267 1158 514 1202 definitionem,
539 1171 640 1205 quam
664 1160 765 1194 etiam
790 1158 1002 1206 Chrysippus
1023 1161 1076 1194 est
1089 1161 1243 1201 secutus,
1268 1157 1353 1194 ἐστὶν

190 1241 296 1290 εὔροια
324 1239 409 1288 βίου.
466 1241 588 1289 Εὕροια
616 1238 688 1287 βίου
715 1240 843 1276 dicitur
865 1253 884 1276 a
908 1240 1036 1276 Stoicis
1060 1240 1141 1275 talis
1163 1240 1253 1275 vitae
1274 1251 1351 1274 cur-

191 1330 265 1361 sus,
302 1318 339 1353 in
369 1330 438 1364 quo
471 1319 584 1354 omnia
622 1331 699 1354 cum
732 1321 824 1354 recta
856 1319 988 1354 ratione
1017 1319 1090 1354 sive
1122 1330 1199 1353 cum
1232 1320 1354 1353 natura

192 1395 364 1429 communi
391 1396 616 1438 conveniunt,
649 1398 683 1430 et
708 1397 746 1431 in
776 1408 844 1442 quo
873 1395 963 1431 nihil
1000 1396 1040 1431 fit
1067 1396 1238 1431 communi
1274 1395 1356 1430 huic

193 1470 262 1518 legi
287 1470 505 1505 contrarium.
534 1471 586 1518 (2)

240 1547 279 1582 Si
306 1549 417 1585 mitem
449 1547 655 1593 quaerimus,
692 1547 776 1593 quid
810 1547 857 1582 sit
894 1547 1000 1582 vitam
1024 1547 1074 1581 ita
1095 1546 1290 1588 instituere,
1315 1548 1355 1580 ut

193 1634 322 1670 semper
347 1635 424 1657 cum
448 1627 575 1658 natura
604 1624 768 1658 communi
794 1623 990 1665 convenias,
1015 1622 1097 1657 huic
1119 1622 1182 1657 soli
1204 1622 1356 1665 obedias,

194 1711 331 1745 eamque
351 1701 521 1745 tamquam
543 1699 715 1734 criterium
737 1711 842 1745 ponas
860 1699 1011 1734 omnium
1037 1711 1122 1744 quae
1146 1698 1276 1746 agenda
1297 1702 1356 1733 aut

193 1775 334 1811 vitanda
360 1778 457 1818 sunt3
495 1777 627 1822 praesto
647 1778 699 1810 est
723 1787 922 1823 responsum
948 1788 955 1810 :
981 1775 1140 1810 virtutem
1165 1775 1272 1818 colas,
1297 1775 1355 1810 ho-

232 2009 272 2044 (1)
292 2008 407 2041 Cicero,
437 2010 472 2037 de
500 2010 621 2037 Finibus
637 2010 664 2036 I-.
684 2018 710 2037 c.
737 2013 781 2036 12.
820 2008 972 2042 stobaeus‚
993 2008 1057 2035 Ecl.
1076 2008 1119 2035 11.
1139 2016 1168 2043 p.
1189 2011 1251 2035 138.
1290 2008 1357 2035 Non

194 2059 315 2095 pertinet
338 2059 375 2087 ad
410 2063 539 2087 nostrum
564 2060 731 2093 consilium,
758 2063 791 2087 ut
818 2059 864 2086 hic
885 2067 1002 2094 agamus
1026 2059 1060 2086 de
1076 2058 1253 2092 discrimine,
1274 2058 1360 2085 subti-

193 2119 264 2148 liore
290 2119 357 2153 illo,
390 2119 466 2155 quod
490 2124 598 2155 ponunt
627 2120 714 2148 Stoici
736 2120 810 2147 inter
827 2113 861 2144 τὸ
883 2113 962 2148 τέλος
980 2121 1008 2146 et
1025 2112 1074 2144 τὸν
1097 2113 1218 2144 σκοπόν.
1258 2117 1303 2146 De
1325 2125 1359 2145 eo

194 2170 270 2199 conf.
290 2170 486 2203 Baumhauer,
506 2170 551 2197 l.l.
574 2180 603 2206 p.
631 2172 681 2198 187
704 2179 747 2206 sq.

233 2222 274 2257 (2)
295 2221 382 2257 Diog.
400 2221 498 2250 Laert.
522 2221 587 2249 Lib.
610 2222 681 2250 VII.
701 2222 718 2257 ξ
740 2224 787 2249 88.
826 2220 985 2248 Stoicorum
1011 2219 1168 2247 doctrinam
1194 2219 1228 2247 de
1246 2219 1360 2247 felicita-

194 2277 223 2301 te
256 2281 343 2309 neque
367 2281 400 2300 ac
424 2274 458 2301 de
482 2273 585 2301 virt-ute
615 2273 804 2302 obscuriorem
821 2280 881 2299 esse
900 2275 927 2299 et
947 2271 1099 2304 incertam,
1127 2279 1191 2298 cum
1218 2279 1276 2298 non
1292 2271 1359 2298 satis

195 2333 389 2366 definiverint»
419 2333 484 2369 quid
512 2332 546 2372 τῇ
582 2332 659 2372 now?
693 2329 773 2369 φύσει
793 2334 830 2361 sit
853 2333 1083 2369 intelligendum,
1111 2332 1285 2368 perspicuum
1308 2336 1357 2360 est.

198 2382 281 2411 Conf.
302 2393 351 2417 ea,
374 2393 444 2419 quae
461 2392 544 2420 supra
563 2384 686 2412 diximus
709 2394 736 2419 p.
754 2387 786 2411 21
810 2394 849 2420 sq.
