1524 2932
762 260 806 292 88
1427 277 1440 291 x

197 365 334 397 eatenus
376 363 479 398 unius
509 361 723 410 ejusdemque
744 365 795 398 est
816 362 931 409 pretii3
967 365 1103 398 eatenus
1124 375 1188 398 nec
1210 362 1361 399 deminui

196 450 258 473 nec
284 439 399 485 augeri
417 441 529 485 potest
553 438 708 474 felicitas.

242 591 455 640 Chrysippus
489 593 693 628 conveniens
724 604 801 627 cum
830 582 885 627 iis'
903 567 1097 627 Stoicorum
1128 590 1265 639 placitis
1292 593 1363 640 (1),

192 668 334 715 quibus,
359 671 399 704 ut
420 680 522 716 supra
545 668 710 712 vidimus,
723 668 869 716 sapienti
882 680 972 704 mors
985 667 1178 705 voluntaria
1198 670 1360 714 tanquam

192 745 342 781 officium
366 745 571 792 imponitur,
592 745 706 780 eadem
724 757 803 781 vero
815 746 994 792 insipienti
1007 758 1145 793 prorsus
1159 744 1360 794 denegatur,

190 829 345 865 laudavit
381 829 472 865 illud
509 829 727 865 Antisthenis
759 842 765 863 :
799 825 869 863 δεῖν·
898 827 1035 863 κτᾶσθαι
1066 829 1118 863 voi
1123 840 1140 862 ν
1167 826 1187 866 ἢ
1217 825 1357 876 βρόχον,

191 907 274 941 item
299 905 365 940 hoc
389 905 527 952 Tyrtaei
551 919 557 939 ι

353 1035 429 1085 πρὶν
457 1037 571 1085 ἀρετῆς
598 1034 738 1071 πελάσαι
767 1035 938 1084 τέρμασιν,
968 1034 987 1072 ἢ
1018 1034 1164 1070 θανάτου·

190 1178 280 1212 Dein
306 1176 518 1225 Theognidis
543 1187 659 1212 versus
682 1176 854 1222 corrigens
881 1175 931 1209 sic
953 1174 1128 1220 eloquitur
1150 1188 1156 1208 τ
1185 1176 1237 1221 (2)

318 1324 384 1372 χρὴ
415 1322 529 1357 κακίαν
558 1320 728 1370 φεύγοντα,
758 1318 812 1353 καὶ
842 1318 872 1359 ἐς
901 1317 1082 1364 βαθυκήτεα
1111 1318 1221 1354 πόντον

338 1405 462 1454 ῥιπτεῖν
490 1403 544 1439 καὶ
575 1406 719 1452 πετρῶν,
750 1402 879 1451 Κύρνε,
910 1397 979 1437 zzz-³
1012 1400 1190 1448 ἠλιβάτων.

186 1547 417 1593 Chrysippum
437 1545 493 1579 his
515 1543 691 1578 ostendere
711 1542 812 1584 velle,
832 1545 974 1576 mortem
996 1542 1068 1576 vita
1087 1540 1259 1575 utiliorem
1284 1553 1356 1576 esse

185 1622 383 1660 hominibus
405 1621 509 1656 malie
531 1631 569 1655 ac
578 1619 721 1674 fatuis,
741 1630 812 1654 non
826 1630 911 1666 opus
925 1620 976 1654 est
989 1616 1175 1653 Plutarcho
1190 1617 1354 1653 conceda-

183 1713 277 1743 mus,
297 1712 404 1746 quum
426 1698 638 1744 Chrysippus
663 1697 707 1732 iis
724 1696 815 1732 'locis
828 1696 959 1732 nullam
971 1696 1135 1731 malorum
1148 1697 1354 1741 mentionem

182 1778 304 1820 faciat,
329 1779 363 1812 et
384 1774 550 1823 ejusmodi
572 1773 656 1821 quid
673 1785 812 1821 prorsus
825 1785 844 1808 a
856 1772 1051 1808 Stoicorum
1064 1771 1220 1808 doctrina
1233 1772 1354 1809 abhor-

183 1863 263 1896 reat.
314 1857 510 1894 Verisimile
529 1857 639 1904 igitur
659 1858 733 1898 est,
758 1867 834 1891 cum
854 1855 909 1890 his
934 1855 1046 1891 verbis
1068 1867 1139 1890 non
1174 1854 1246 1904 περὶ
1291 1858 1355 1891 τῶν

184 1942 334 1992 φαύλων,
361 1940 420 1976 sed
445 1938 518 1988 περὶ
547 1941 611 1974 τῶν
638 1938 741 1986 σόφων
766 1938 889 1985 egisse,
915 1937 1055 1983 quibus,
1081 1938 1110 1973 si
1136 1937 1179 1972 ad
1203 1936 1255 1974 τὸν
1285 1941 1355 1974 νοῦν

183 2024 237 2060 καὶ
267 2025 324 2062 τὴν
351 2023 468 2072 ἀρετὴν
494 2019 691 2056 servandam
713 2032 848 2055 necesse
866 2022 932 2063 est,
958 2020 1061 2056 evita
1074 2032 1145 2055 esse
1158 2020 1352 2056 cedendum.

232 2102 327 2138 Alibi
354 2113 429 2136 eum
455 2098 510 2134 his
532 2098 702 2133 contraria
724 2096 937 2140 enunciasoe,
960 2109 1064 2143 quum
1077 2096 1233 2132 Platonis
1245 2109 1352 2145 oppu-

182 2188 302 2234 gnaret
333 2182 537 2219 sententiam
564 2180 733 2216 censentis
763 2194 768 2215 :
796 2182 841 2216 ὅτι
859 2182 904 2228 τῷ
922 2177 1007 2228 μηδὲ
1023 2179 1153 2228 μαθόντι
1173 2176 1253 2228 μηδ’
1274 2179 1351 2217 ἐπι-

219 2359 257 2391 (l)
278 2357 370 2383 Locus
400 2355 561 2386 Plutarchi,
595 2355 642 2388 qui
675 2354 720 2380 hic
746 2356 919 2384 recensetur,
949 2355 1040 2379 exstat
1067 2352 1111 2378 l.1.
1140 2361 1169 2386 p.
1193 2354 1262 2378 1039
1285 2351 1349 2378 D-

186 2410 255 2434 1040
275 2407 314 2433 A.

220 2461 258 2493 (2)
280 2459 322 2486 Dc
346 2459 397 2485 hoc
422 2457 595 2491 Theognidis
615 2456 676 2483 loeo
697 2456 759 2483 vide
784 2463 853 2489 quae
874 2463 958 2490 supra
978 2455 1156 2487 notavimus,
1178 2463 1206 2489 p.
1229 2457 1273 2482 50.
