1524 2932
734 208 781 241 64

173 310 245 358 ejus
283 310 451 345 sententia
487 309 595 347 fatum
628 309 778 344 omnium
813 321 884 345 esse
914 321 1063 354 causam,
1101 315 1160 348 aut
1197 313 1233 348 in
1263 313 1333 349 fato

174 388 325 433 posuisse
349 398 483 421 causam
508 385 688 429 malorum,
712 385 804 432 quod
826 386 958 422 credere
981 388 1084 422 nefas.

221 462 325 502 Quod
342 463 525 510 quominus
550 463 772 499 concedamus
795 475 867 499 non
890 462 1033 511 impedit
1054 462 1239 514 Chrysippi
1260 466 1332 515 pla-

174 539 298 583 citum,
330 541 440 575 visum
472 553 536 575 non
575 552 646 575 esse
679 553 719 575 ex
755 552 791 575 se
815 540 995 587 perfectam
1023 541 1228 577 assensionis
1253 555 1334 579 cau-

173 633 259 664 sam,
296 633 405 667 neque
442 621 636 664 distinctio,
661 633 761 667 quam
785 621 868 657 fecit
892 622 982 657 inter
1007 620 1099 671 φύσιν
1126 622 1212 658 κατὰ
1240 624 1334 674 μέρος

174 705 208 737 et
232 701 325 751 φύσιν
353 703 416 737 τῶν·
443 700 524 736 ὅλων
551 701 615 748 (1).
669 701 777 737 Recte
814 703 905 737 enim
937 702 1143 739 Plutarchus
1177 706 1333 752 opponit:

172 777 345 825 impeditis
369 777 518 825 partium
542 777 692 813 motibus
717 778 819 814 etiam
844 779 996 815 universi
1017 783 1147 817 motum
1159 781 1333 829 impediri,

172 853 455 901 quemadmodum
490 854 588 889 navis
611 866 682 889 non
707 855 781 889 sine
804 855 1045 902 impedimento
1073 857 1279 901 movebitur,
1305 859 1334 893 si

172 930 262 967 hanc
287 930 423 967 illamve
443 930 515 977 ejus
540 933 669 978 partem
694 931 919 979 impediveris.
957 933 1070 969 Dein:
1086 935 1138 969 assi
1164 935 1237 970 visa
1260 947 1331 970 non

173 1010 256 1044 sunt
292 1007 423 1050 fatalia,
459 1008 629 1054 quomodo
666 1008 738 1043 sint
759 1020 877 1043 causae
902 1009 1156 1045 assensionum?
1206 1010 1280 1046 Aut
1304 1011 1334 1045 si

172 1086 282 1121 fatum
308 1084 437 1120 dicitur
457 1085 531 1120 visa
554 1085 664 1120 facere
688 1085 848 1120 ducentia
873 1086 916 1121 ad
937 1087 1163 1122 assensionem
1175 1090 1209 1123 et
1221 1100 1334 1123 assen-

173 1162 285 1198 siones
309 1161 452 1210 proinde
471 1173 530 1208 per
550 1161 659 1196 fatum
680 1161 784 1204 fiunt,
809 1161 978 1208 quomodo
995 1174 1065 1197 non
1078 1174 1191 1198 secum
1203 1165 1335 1211 pugnat

173 1239 298 1281 fatum,
323 1238 364 1273 de
384 1238 540 1273 maximis
562 1249 658 1284 saepe
677 1237 776 1273 rebus
801 1238 874 1273 visa
898 1238 997 1273 nobis
1022 1239 1185 1285 objiciens
1199 1242 1334 1275 contra-

173 1317 239 1360 ria,
264 1328 351 1363 quae
372 1316 522 1351 animum
544 1314 674 1351 diverse
696 1314 856 1350 trahant?
907 1314 1041 1350 Dicunt
1062 1316 1152 1351 enim
1177 1328 1251 1359 eos,
1273 1316 1334 1363 qui

173 1392 271 1429 alteri
298 1392 528 1428 assentiantur
548 1392 623 1427 viso
648 1393 682 1426 et
703 1403 775 1426 non
796 1390 975 1427 cohibeant
999 1392 1239 1435 assensionem,
1256 1404 1334 1440 pec-

174 1481 265 1513 care3
289 1469 453 1504 nimirum
474 1468 535 1514 qui
560 1466 714 1503 obscuris
739 1466 861 1503 cedant
878 1467 978 1511 visis,
1002 1470 1124 1504 temere
1137 1481 1247 1516 agere3
1273 1469 1335 1515 qui

173 1544 285 1588 falsis,
309 1544 401 1588 faui3
428 1544 488 1589 qui
512 1542 926 1590 incomprehensibilibus,
939 1544 1079 1590 opinari.
1104 1543 1261 1580 Profecto
1274 1556 1334 1580 au-

172 1624 242 1657 tem
266 1621 373 1656 trium
396 1618 518 1654 horum
538 1631 647 1654 unum
670 1619 895 1654 necessarium
916 1620 982 1661 est,
1006 1621 1046 1654 ut
1068 1621 1127 1654 aut
1143 1631 1213 1654 non
1234 1632 1336 1655 omne

173 1699 285 1733 visum
315 1697 362 1731 sit
395 1708 479 1743 opus
516 1696 599 1738 fati,
633 1698 692 1730 aut
725 1698 765 1730 ut
786 1695 895 1752 omnis
921 1696 1069 1730 assensio
1094 1695 1337 1742 cujuscumque

174 1774 241 1810 visi
272 1772 397 1808 delicto
423 1773 548 1814 careat;
575 1772 635 1806 aut
658 1772 699 1806 ut
721 1782 766 1805 ne
789 1770 901 1817 ipsum
930 1770 1067 1817 quidem
1092 1770 1199 1806 fatum
1225 1761 1337 1818 repre-

174 1849 336 1885 hensione
360 1860 478 1884 vacare
502 1847 640 1894 possit.''
673 1847 736 1893 (2).

214 2003 255 2038 (1)
274 2000 368 2029 Affert
391 2000 453 2028 loco
478 2004 575 2028 nostro
603 1999 772 2027 Plutarchus
790 1998 943 2034 Chrysippi
960 1999 1045 2026 verba
1065 2009 1072 2026 :
1092 2000 1157 2030 ταῖς
1181 1994 1232 2037 μὲν
1260 1995 1335 2026 κατὰ

176 2058 260 2099 μέρος
280 2056 380 2097 φύσεσι
403 2054 452 2084 καὶ
475 2056 619 2088 κινήσεσιν
642 2054 808 2095 ἐνστήματα
828 2052 923 2084 πολλὰ
943 2054 1072 2094 γίνεσθαι
1095 2053 1144 2084 καὶ
1165 2053 1334 2096 κωλύματα,

174 2120 209 2149 τῆ
232 2114 266 2145 δὲ
286 2118 342 2144 τῶν
366 2113 440 2143 ’ὅλων
461 2111 564 2153 μηδέν.

213 2169 253 2204 (2)
273 2168 458 2203 Perspicuum
478 2170 531 2199 est,
546 2166 731 2193 Plutarchum
750 2166 779 2193 h.
799 2166 820 2193 l.
841 2166 1049 2194 subordinanda
1066 2158 1336 2194 coordinassesMe-

174 2220 246 2252 lius,
270 2219 301 2245 ni
320 2219 460 2252 fallimur,
482 2218 522 2244 ita
545 2217 662 2244 dixisset
682 2227 689 2243 :

211 2269 274 2296 Aut
297 2277 381 2296 omne
408 2269 502 2296 visum
533 2276 603 2303 opus
631 2272 673 2296 est
690 2268 755 2302 fati,
782 2271 831 2295 aut
849 2276 907 2295 non
925 2271 981 2301 θεὶς
1002 2268 1026 2294 si
1047 2267 1118 2294 illud
1139 2274 1257 2300 verum,
1286 2270 1335 2294 aut

175 2322 267 2349 omnis
285 2320 409 2348 assensio
427 2320 482 2347 visi
500 2319 601 2347 delicto
619 2319 738 2353 carebit,
758 2323 807 2346 aut
826 2319 918 2354 ipsum
937 2318 1026 2346 fatum
1044 2317 1315 2353 reprehendendum.

636 2444 858 2451 m—„d
