<?xml version="1.0" encoding="UTF-8"?>
<!DOCTYPE html PUBLIC "-//W3C//DTD XHTML 1.0 Transitional//EN"
    "http://www.w3.org/TR/xhtml1/DTD/xhtml1-transitional.dtd">
<html xmlns="http://www.w3.org/1999/xhtml" xml:lang="en" lang="en">
 <head>
  <title>
</title>
<meta http-equiv="Content-Type" content="text/html;charset=utf-8" />
  <meta name='ocr-system' content='tesseract 3.04.00' />
  <meta name='ocr-capabilities' content='ocr_page ocr_carea ocr_par ocr_line ocrx_word'/>
</head>
<body>
  <div class='ocr_page' id='page_1' title='image "4737228_0080.png"; bbox 0 0 1524 2932; ppageno 0'>
   <div class='ocr_carea' id='block_1_1' title="bbox 746 226 790 258">
    <p class='ocr_par' dir='ltr' id='par_1_1' title="bbox 746 226 790 258">
     <span class='ocr_line' id='line_1_1' title="bbox 746 226 790 258; baseline -0.023 0"><span class='ocrx_word' id='word_1_1' title='bbox 746 226 790 258; x_wconf 94' lang='lat'><strong>60</strong></span> 
     </span>
    </p>
   </div>
   <div class='ocr_carea' id='block_1_2' title="bbox 736 329 830 375">
    <p class='ocr_par' dir='ltr' id='par_1_2' title="bbox 736 329 830 375">
     <span class='ocr_line' id='line_1_2' title="bbox 736 329 830 375; baseline 0 -12"><span class='ocrx_word' id='word_1_2' title='bbox 736 330 755 375; x_wconf 51' lang='grc' dir='ltr'>ᾗ</span> <span class='ocrx_word' id='word_1_3' title='bbox 782 329 830 364; x_wconf 89' lang='lat'><strong>11.</strong></span> 
     </span>
    </p>
   </div>
   <div class='ocr_carea' id='block_1_3' title="bbox 253 484 1302 535">
    <p class='ocr_par' dir='ltr' id='par_1_3' title="bbox 253 484 1302 535">
     <span class='ocr_line' id='line_1_3' title="bbox 253 484 1302 535; baseline 0 -12"><span class='ocrx_word' id='word_1_4' title='bbox 253 491 409 523; x_wconf 72' lang='lat' dir='ltr'><strong>Assumto</strong></span> <span class='ocrx_word' id='word_1_5' title='bbox 427 488 490 523; x_wconf 73' lang='lat' dir='ltr'><strong>illo</strong></span> <span class='ocrx_word' id='word_1_6' title='bbox 519 484 621 535; x_wconf 73' lang='grc' dir='ltr'><strong>μηδὲν</strong></span> <span class='ocrx_word' id='word_1_7' title='bbox 643 486 804 534; x_wconf 78' lang='grc' dir='ltr'>ἀναιτίως,</span> <span class='ocrx_word' id='word_1_8' title='bbox 822 487 980 533; x_wconf 69' lang='lat' dir='ltr'><strong>pluribus</strong></span> <span class='ocrx_word' id='word_1_9' title='bbox 1001 490 1112 521; x_wconf 78' lang='lat' dir='ltr'><strong>tamen</strong></span> <span class='ocrx_word' id='word_1_10' title='bbox 1139 486 1221 522; x_wconf 70' lang='lat' dir='ltr'><strong>locis</strong></span> <span class='ocrx_word' id='word_1_11' title='bbox 1245 489 1302 527; x_wconf 80' lang='grc' dir='ltr'><strong>τὴν</strong></span> 
     </span>
    </p>
   </div>
   <div class='ocr_carea' id='block_1_4' title="bbox 334 568 1219 617">
    <p class='ocr_par' dir='ltr' id='par_1_4' title="bbox 334 568 1219 617">
     <span class='ocr_line' id='line_1_4' title="bbox 334 568 1219 617; baseline -0.003 -11"><span class='ocrx_word' id='word_1_12' title='bbox 334 571 436 617; x_wconf 75' lang='grc' dir='ltr'>τυχὴν</span> <span class='ocrx_word' id='word_1_13' title='bbox 461 574 494 605; x_wconf 80' lang='lat' dir='ltr'><strong>et</strong></span> <span class='ocrx_word' id='word_1_14' title='bbox 524 570 711 604; x_wconf 75' lang='lat' dir='ltr'><strong>libertatem</strong></span> <span class='ocrx_word' id='word_1_15' title='bbox 742 568 931 604; x_wconf 72' lang='lat' dir='ltr'><strong>voluntatis</strong></span> <span class='ocrx_word' id='word_1_16' title='bbox 958 569 1053 604; x_wconf 73' lang='lat' dir='ltr'><strong>haud</strong></span> <span class='ocrx_word' id='word_1_17' title='bbox 1073 569 1219 615; x_wconf 72' lang='lat' dir='ltr'><strong>neyavz‘t.</strong></span> 
     </span>
    </p>
   </div>
   <div class='ocr_carea' id='block_1_5' title="bbox 244 721 1355 770">
    <p class='ocr_par' dir='ltr' id='par_1_5' title="bbox 244 721 1355 770">
     <span class='ocr_line' id='line_1_5' title="bbox 244 721 1355 770; baseline -0.002 -10"><span class='ocrx_word' id='word_1_18' title='bbox 244 738 275 760; x_wconf 86' lang='grc' dir='ltr'><strong>α.</strong></span> <span class='ocrx_word' id='word_1_19' title='bbox 325 722 497 760; x_wconf 79' lang='lat' dir='ltr'><strong>Nonnulli</strong></span> <span class='ocrx_word' id='word_1_20' title='bbox 531 721 723 770; x_wconf 84' lang='lat' dir='ltr'>philosophi</span> <span class='ocrx_word' id='word_1_21' title='bbox 751 723 803 770; x_wconf 90' lang='lat'><strong>(1)</strong></span> <span class='ocrx_word' id='word_1_22' title='bbox 839 722 882 757; x_wconf 86' lang='lat' dir='ltr'><strong>ad</strong></span> <span class='ocrx_word' id='word_1_23' title='bbox 911 721 1144 769; x_wconf 79' lang='lat' dir='ltr'><strong>explicandam</strong></span> <span class='ocrx_word' id='word_1_24' title='bbox 1175 722 1355 766; x_wconf 85' lang='lat' dir='ltr'><strong>rationem,</strong></span> 
     </span>
    </p>
   </div>
   <div class='ocr_carea' id='block_1_6' title="bbox 194 798 1353 847">
    <p class='ocr_par' dir='ltr' id='par_1_6' title="bbox 194 798 1353 847">
     <span class='ocr_line' id='line_1_6' title="bbox 194 798 1353 847; baseline -0.001 -11"><span class='ocrx_word' id='word_1_25' title='bbox 194 803 262 847; x_wconf 71' lang='lat' dir='ltr'><strong>qua</strong></span> <span class='ocrx_word' id='word_1_26' title='bbox 296 801 429 835; x_wconf 88' lang='lat' dir='ltr'><strong>animus</strong></span> <span class='ocrx_word' id='word_1_27' title='bbox 461 800 551 835; x_wconf 88' lang='lat' dir='ltr'><strong>inter</strong></span> <span class='ocrx_word' id='word_1_28' title='bbox 577 799 660 834; x_wconf 84' lang='lat' dir='ltr'><strong>duas</strong></span> <span class='ocrx_word' id='word_1_29' title='bbox 689 811 741 834; x_wconf 87' lang='lat' dir='ltr'><strong>res</strong></span> <span class='ocrx_word' id='word_1_30' title='bbox 767 798 833 834; x_wconf 89' lang='lat' dir='ltr'><strong>sibi</strong></span> <span class='ocrx_word' id='word_1_31' title='bbox 865 811 1002 845; x_wconf 89' lang='lat' dir='ltr'><strong>prorsus</strong></span> <span class='ocrx_word' id='word_1_32' title='bbox 1032 799 1158 834; x_wconf 79' lang='lat' dir='ltr'><strong>similes</strong></span> <span class='ocrx_word' id='word_1_33' title='bbox 1182 799 1353 846; x_wconf 79' lang='lat' dir='ltr'><strong>optionem</strong></span> 
     </span>
    </p>
   </div>
   <div class='ocr_carea' id='block_1_7' title="bbox 191 878 1354 1080">
    <p class='ocr_par' dir='ltr' id='par_1_7' title="bbox 191 878 1354 1080">
     <span class='ocr_line' id='line_1_7' title="bbox 194 878 1353 929; baseline -0.001 -11"><span class='ocrx_word' id='word_1_34' title='bbox 194 883 313 925; x_wconf 87' lang='lat' dir='ltr'><strong>faciat,</strong></span> <span class='ocrx_word' id='word_1_35' title='bbox 338 878 476 929; x_wconf 63' lang='grc' dir='ltr'>δύναμιν</span> <span class='ocrx_word' id='word_1_36' title='bbox 501 880 669 926; x_wconf 88' lang='lat' dir='ltr'><strong>quandam</strong></span> <span class='ocrx_word' id='word_1_37' title='bbox 693 878 913 920; x_wconf 82' lang='grc' dir='ltr'>ἐπελευστίκην</span> <span class='ocrx_word' id='word_1_38' title='bbox 935 880 1049 915; x_wconf 84' lang='lat' dir='ltr'>adesse</span> <span class='ocrx_word' id='word_1_39' title='bbox 1069 883 1248 927; x_wconf 87' lang='lat' dir='ltr'><strong>putarunt,</strong></span> <span class='ocrx_word' id='word_1_40' title='bbox 1268 893 1353 927; x_wconf 87' lang='lat' dir='ltr'><strong>quae</strong></span> 
     </span>
     <span class='ocr_line' id='line_1_8' title="bbox 194 955 1352 994; baseline -0.001 0"><span class='ocrx_word' id='word_1_41' title='bbox 194 958 441 994; x_wconf 78' lang='lat' dir='ltr'><strong>dubitationem</strong></span> <span class='ocrx_word' id='word_1_42' title='bbox 465 956 589 991; x_wconf 89' lang='lat' dir='ltr'><strong>mentis</strong></span> <span class='ocrx_word' id='word_1_43' title='bbox 610 955 752 991; x_wconf 90' lang='lat' dir='ltr'><strong>tolleret.</strong></span> <span class='ocrx_word' id='word_1_44' title='bbox 803 955 984 991; x_wconf 88' lang='lat' dir='ltr'><strong>Dubitatio</strong></span> <span class='ocrx_word' id='word_1_45' title='bbox 1005 956 1072 991; x_wconf 85' lang='lat' dir='ltr'><strong>ista</strong></span> <span class='ocrx_word' id='word_1_46' title='bbox 1089 956 1220 992; x_wconf 87' lang='lat' dir='ltr'><strong>scilicet</strong></span> <span class='ocrx_word' id='word_1_47' title='bbox 1239 956 1352 993; x_wconf 84' lang='lat' dir='ltr'><strong>locum</strong></span> 
     </span>
     <span class='ocr_line' id='line_1_9' title="bbox 191 1031 1354 1080; baseline -0.001 -10"><span class='ocrx_word' id='word_1_48' title='bbox 191 1034 308 1076; x_wconf 92' lang='lat' dir='ltr'><strong>habet,</strong></span> <span class='ocrx_word' id='word_1_49' title='bbox 343 1045 419 1067; x_wconf 89' lang='lat' dir='ltr'><strong>cum</strong></span> <span class='ocrx_word' id='word_1_50' title='bbox 452 1031 586 1066; x_wconf 91' lang='lat' dir='ltr'><strong>nullum</strong></span> <span class='ocrx_word' id='word_1_51' title='bbox 620 1033 710 1066; x_wconf 87' lang='lat' dir='ltr'><strong>inter</strong></span> <span class='ocrx_word' id='word_1_52' title='bbox 742 1043 794 1066; x_wconf 85' lang='lat' dir='ltr'><strong>res</strong></span> <span class='ocrx_word' id='word_1_53' title='bbox 829 1032 911 1067; x_wconf 88' lang='lat' dir='ltr'><strong>duas</strong></span> <span class='ocrx_word' id='word_1_54' title='bbox 944 1034 995 1067; x_wconf 88' lang='lat' dir='ltr'><strong>est</strong></span> <span class='ocrx_word' id='word_1_55' title='bbox 1026 1032 1221 1077; x_wconf 84' lang='lat' dir='ltr'><strong>discrimen,</strong></span> <span class='ocrx_word' id='word_1_56' title='bbox 1245 1045 1354 1080; x_wconf 90' lang='lat' dir='ltr'><strong>neque</strong></span> 
     </span>
    </p>
   </div>
   <div class='ocr_carea' id='block_1_8' title="bbox 190 1107 1350 1157">
    <p class='ocr_par' dir='ltr' id='par_1_8' title="bbox 190 1107 1350 1157">
     <span class='ocr_line' id='line_1_10' title="bbox 190 1107 1350 1157; baseline -0.001 -12"><span class='ocrx_word' id='word_1_57' title='bbox 190 1111 299 1157; x_wconf 88' lang='lat' dir='ltr'><strong>igitur</strong></span> <span class='ocrx_word' id='word_1_58' title='bbox 336 1121 436 1144; x_wconf 88' lang='lat' dir='ltr'><strong>causa</strong></span> <span class='ocrx_word' id='word_1_59' title='bbox 471 1110 598 1150; x_wconf 83' lang='lat' dir='ltr'><strong>exstat,</strong></span> <span class='ocrx_word' id='word_1_60' title='bbox 636 1119 697 1141; x_wconf 88' lang='lat' dir='ltr'><strong>eur</strong></span> <span class='ocrx_word' id='word_1_61' title='bbox 733 1107 775 1141; x_wconf 88' lang='lat' dir='ltr'><strong>ad</strong></span> <span class='ocrx_word' id='word_1_62' title='bbox 808 1107 895 1142; x_wconf 90' lang='lat' dir='ltr'><strong>hanc</strong></span> <span class='ocrx_word' id='word_1_63' title='bbox 937 1107 1074 1143; x_wconf 78' lang='lat' dir='ltr'><strong>illamve</strong></span> <span class='ocrx_word' id='word_1_64' title='bbox 1107 1109 1350 1155; x_wconf 83' lang='lat' dir='ltr'><strong>praeferendam</strong></span> 
     </span>
    </p>
   </div>
   <div class='ocr_carea' id='block_1_9' title="bbox 191 1183 1350 1309">
    <p class='ocr_par' dir='ltr' id='par_1_9' title="bbox 191 1183 1350 1309">
     <span class='ocr_line' id='line_1_11' title="bbox 191 1183 548 1231; baseline -0.011 -10"><span class='ocrx_word' id='word_1_65' title='bbox 191 1186 325 1221; x_wconf 86' lang='lat' dir='ltr'><strong>animus</strong></span> <span class='ocrx_word' id='word_1_66' title='bbox 347 1183 548 1231; x_wconf 74' lang='lat' dir='ltr'><strong>impellatur.</strong></span> 
     </span>
     <span class='ocr_line' id='line_1_12' title="bbox 238 1258 1350 1309; baseline -0.002 -11"><span class='ocrx_word' id='word_1_67' title='bbox 238 1262 467 1309; x_wconf 84' lang='lat' dir='ltr'><strong>Chrysippus,</strong></span> <span class='ocrx_word' id='word_1_68' title='bbox 490 1262 648 1295; x_wconf 83' lang='lat' dir='ltr'><strong>narrante</strong></span> <span class='ocrx_word' id='word_1_69' title='bbox 676 1258 876 1302; x_wconf 87' lang='lat' dir='ltr'><strong>Plutarcho,</strong></span> <span class='ocrx_word' id='word_1_70' title='bbox 900 1258 962 1294; x_wconf 89' lang='lat' dir='ltr'><strong>hos</strong></span> <span class='ocrx_word' id='word_1_71' title='bbox 986 1259 1077 1295; x_wconf 87' lang='lat' dir='ltr'><strong>viros</strong></span> <span class='ocrx_word' id='word_1_72' title='bbox 1102 1260 1151 1295; x_wconf 88' lang='lat' dir='ltr'><strong>ita</strong></span> <span class='ocrx_word' id='word_1_73' title='bbox 1175 1272 1350 1309; x_wconf 85' lang='lat' dir='ltr'><strong>oppugna-</strong></span> 
     </span>
    </p>
   </div>
   <div class='ocr_carea' id='block_1_10' title="bbox 186 1341 1348 1469">
    <p class='ocr_par' dir='ltr' id='par_1_10' title="bbox 186 1341 1348 1469">
     <span class='ocr_line' id='line_1_13' title="bbox 190 1341 1348 1388; baseline -0.002 -7"><span class='ocrx_word' id='word_1_74' title='bbox 190 1346 252 1382; x_wconf 89' lang='lat' dir='ltr'><strong>vit.</strong></span> <span class='ocrx_word' id='word_1_75' title='bbox 302 1344 385 1380; x_wconf 87' lang='lat' dir='ltr'><strong>Vim</strong></span> <span class='ocrx_word' id='word_1_76' title='bbox 404 1344 529 1379; x_wconf 84' lang='lat' dir='ltr'><strong>inferre</strong></span> <span class='ocrx_word' id='word_1_77' title='bbox 549 1355 605 1378; x_wconf 90' lang='lat' dir='ltr'><strong>eos</strong></span> <span class='ocrx_word' id='word_1_78' title='bbox 619 1342 709 1378; x_wconf 83' lang='lat' dir='ltr'><strong>dixit</strong></span> <span class='ocrx_word' id='word_1_79' title='bbox 721 1344 860 1377; x_wconf 87' lang='lat' dir='ltr'><strong>naturae</strong></span> <span class='ocrx_word' id='word_1_80' title='bbox 872 1343 932 1388; x_wconf 90' lang='lat' dir='ltr'><strong>qui</strong></span> <span class='ocrx_word' id='word_1_81' title='bbox 953 1345 1125 1378; x_wconf 87' lang='lat' dir='ltr'><strong>assumant</strong></span> <span class='ocrx_word' id='word_1_82' title='bbox 1144 1341 1179 1379; x_wconf 86' lang='grc' dir='ltr'><strong>τὸ</strong></span> <span class='ocrx_word' id='word_1_83' title='bbox 1191 1342 1348 1385; x_wconf 78' lang='grc' dir='ltr'>ἀναίτιον,</span> 
     </span>
     <span class='ocr_line' id='line_1_14' title="bbox 186 1418 1348 1469; baseline -0.001 -12"><span class='ocrx_word' id='word_1_84' title='bbox 186 1425 220 1457; x_wconf 89' lang='lat' dir='ltr'><strong>et</strong></span> <span class='ocrx_word' id='word_1_85' title='bbox 256 1422 308 1469; x_wconf 81' lang='lat'><strong>(2)</strong></span> <span class='ocrx_word' id='word_1_86' title='bbox 345 1420 507 1467; x_wconf 84' lang='lat' dir='ltr'><strong>exemplis</strong></span> <span class='ocrx_word' id='word_1_87' title='bbox 541 1432 560 1454; x_wconf 89' lang='lat' dir='ltr'><strong>a</strong></span> <span class='ocrx_word' id='word_1_88' title='bbox 592 1418 662 1454; x_wconf 90' lang='lat' dir='ltr'><strong>talo</strong></span> <span class='ocrx_word' id='word_1_89' title='bbox 694 1421 728 1454; x_wconf 92' lang='lat' dir='ltr'><strong>et</strong></span> <span class='ocrx_word' id='word_1_90' title='bbox 760 1418 848 1453; x_wconf 89' lang='lat' dir='ltr'><strong>libra</strong></span> <span class='ocrx_word' id='word_1_91' title='bbox 877 1418 1039 1454; x_wconf 85' lang='lat' dir='ltr'><strong>desumtis</strong></span> <span class='ocrx_word' id='word_1_92' title='bbox 1064 1419 1236 1463; x_wconf 84' lang='lat' dir='ltr'><strong>ostendit,</strong></span> <span class='ocrx_word' id='word_1_93' title='bbox 1259 1419 1348 1456; x_wconf 91' lang='lat' dir='ltr'><strong>nihil</strong></span> 
     </span>
    </p>
   </div>
   <div class='ocr_carea' id='block_1_11' title="bbox 185 1494 1346 1625">
    <p class='ocr_par' dir='ltr' id='par_1_11' title="bbox 185 1494 1346 1625">
     <span class='ocr_line' id='line_1_15' title="bbox 185 1494 1346 1541; baseline -0.002 -8"><span class='ocrx_word' id='word_1_94' title='bbox 185 1497 327 1540; x_wconf 83' lang='lat' dir='ltr'><strong>mutari,</strong></span> <span class='ocrx_word' id='word_1_95' title='bbox 350 1496 420 1532; x_wconf 90' lang='lat' dir='ltr'><strong>nisi</strong></span> <span class='ocrx_word' id='word_1_96' title='bbox 442 1507 560 1531; x_wconf 89' lang='lat' dir='ltr'><strong>causae</strong></span> <span class='ocrx_word' id='word_1_97' title='bbox 573 1494 683 1530; x_wconf 87' lang='lat' dir='ltr'><strong>autin</strong></span> <span class='ocrx_word' id='word_1_98' title='bbox 702 1494 802 1530; x_wconf 88' lang='lat' dir='ltr'><strong>rebus</strong></span> <span class='ocrx_word' id='word_1_99' title='bbox 823 1494 907 1541; x_wconf 85' lang='lat' dir='ltr'><strong>ipsis</strong></span> <span class='ocrx_word' id='word_1_100' title='bbox 931 1494 1041 1530; x_wconf 88' lang='lat' dir='ltr'><strong>insint</strong></span> <span class='ocrx_word' id='word_1_101' title='bbox 1066 1497 1125 1530; x_wconf 87' lang='lat' dir='ltr'><strong>aut</strong></span> <span class='ocrx_word' id='word_1_102' title='bbox 1138 1495 1346 1531; x_wconf 81' lang='lat' dir='ltr'><strong>extrinsecus</strong></span> 
     </span>
     <span class='ocr_line' id='line_1_16' title="bbox 185 1574 1346 1625; baseline -0.002 -11"><span class='ocrx_word' id='word_1_103' title='bbox 185 1578 347 1614; x_wconf 86' lang='lat' dir='ltr'><strong>accedant</strong></span> <span class='ocrx_word' id='word_1_104' title='bbox 370 1578 433 1625; x_wconf 86' lang='lat'><strong>(3).</strong></span> <span class='ocrx_word' id='word_1_105' title='bbox 484 1575 531 1611; x_wconf 89' lang='grc' dir='ltr'><strong>Τὸ</strong></span> <span class='ocrx_word' id='word_1_106' title='bbox 559 1575 700 1611; x_wconf 80' lang='grc' dir='ltr'><strong><em>ἀναίτιον</em></strong></span> <span class='ocrx_word' id='word_1_107' title='bbox 727 1576 865 1623; x_wconf 85' lang='lat' dir='ltr'><strong>(pergit)</strong></span> <span class='ocrx_word' id='word_1_108' title='bbox 893 1574 972 1615; x_wconf 82' lang='grc' dir='ltr'><strong>ὅλως</strong></span> <span class='ocrx_word' id='word_1_109' title='bbox 995 1575 1195 1624; x_wconf 80' lang='grc' dir='ltr'><strong><em>ἀνύπαρκτόν</em></strong></span> <span class='ocrx_word' id='word_1_110' title='bbox 1208 1575 1273 1612; x_wconf 87' lang='grc' dir='ltr'>ἐστι</span> <span class='ocrx_word' id='word_1_111' title='bbox 1291 1576 1346 1612; x_wconf 82' lang='grc' dir='ltr'><strong>καὶ</strong></span> 
     </span>
    </p>
   </div>
   <div class='ocr_carea' id='block_1_12' title="bbox 183 1656 1346 1707">
    <p class='ocr_par' dir='ltr' id='par_1_12' title="bbox 183 1656 1346 1707">
     <span class='ocr_line' id='line_1_17' title="bbox 183 1656 1346 1707; baseline -0.001 -12"><span class='ocrx_word' id='word_1_112' title='bbox 183 1659 217 1696; x_wconf 86' lang='grc' dir='ltr'>τό</span> <span class='ocrx_word' id='word_1_113' title='bbox 248 1658 434 1707; x_wconf 71' lang='grc' dir='ltr'>αὐτόματον·</span> <span class='ocrx_word' id='word_1_114' title='bbox 463 1657 523 1694; x_wconf 92' lang='lat' dir='ltr'><strong>ubi</strong></span> <span class='ocrx_word' id='word_1_115' title='bbox 543 1670 661 1693; x_wconf 87' lang='lat' dir='ltr'><strong>causae</strong></span> <span class='ocrx_word' id='word_1_116' title='bbox 686 1656 831 1704; x_wconf 84' lang='lat' dir='ltr'><strong>alicujus</strong></span> <span class='ocrx_word' id='word_1_117' title='bbox 856 1658 904 1693; x_wconf 88' lang='lat' dir='ltr'><strong>rei</strong></span> <span class='ocrx_word' id='word_1_118' title='bbox 934 1670 1004 1693; x_wconf 91' lang='lat' dir='ltr'><strong>non</strong></span> <span class='ocrx_word' id='word_1_119' title='bbox 1029 1657 1189 1693; x_wconf 90' lang='lat' dir='ltr'><strong>videntur</strong></span> <span class='ocrx_word' id='word_1_120' title='bbox 1217 1658 1346 1702; x_wconf 85' lang='lat' dir='ltr'><strong>adesse,</strong></span> 
     </span>
    </p>
   </div>
   <div class='ocr_carea' id='block_1_13' title="bbox 176 1869 1345 2297">
    <p class='ocr_par' dir='ltr' id='par_1_13' title="bbox 178 1869 1345 2074">
     <span class='ocr_line' id='line_1_18' title="bbox 221 1869 1345 1908; baseline -0.004 -9"><span class='ocrx_word' id='word_1_121' title='bbox 221 1873 262 1908; x_wconf 90' lang='lat'><strong>(1)</strong></span> <span class='ocrx_word' id='word_1_122' title='bbox 280 1872 359 1899; x_wconf 81' lang='lat' dir='ltr'><strong>Plut.</strong></span> <span class='ocrx_word' id='word_1_123' title='bbox 375 1872 410 1899; x_wconf 86' lang='lat' dir='ltr'><strong>de</strong></span> <span class='ocrx_word' id='word_1_124' title='bbox 422 1871 649 1905; x_wconf 78' lang='lat' dir='ltr'><strong>Stoic.Repugn.</strong></span> <span class='ocrx_word' id='word_1_125' title='bbox 661 1879 689 1905; x_wconf 89' lang='lat' dir='ltr'><strong>p.</strong></span> <span class='ocrx_word' id='word_1_126' title='bbox 704 1873 785 1897; x_wconf 87' lang='lat'>1045.</span> <span class='ocrx_word' id='word_1_127' title='bbox 826 1870 973 1905; x_wconf 71' lang='lat' dir='ltr'><strong>Wyttenb.</strong></span> <span class='ocrx_word' id='word_1_128' title='bbox 995 1878 1102 1897; x_wconf 85' lang='lat' dir='ltr'><strong>novum</strong></span> <span class='ocrx_word' id='word_1_129' title='bbox 1120 1869 1150 1896; x_wconf 93' lang='lat' dir='ltr'><strong>h.</strong></span> <span class='ocrx_word' id='word_1_130' title='bbox 1167 1869 1189 1896; x_wconf 94' lang='lat' dir='ltr'><strong>l.</strong></span> <span class='ocrx_word' id='word_1_131' title='bbox 1209 1873 1292 1904; x_wconf 79' lang='lat' dir='ltr'><strong>caput</strong></span> <span class='ocrx_word' id='word_1_132' title='bbox 1302 1869 1345 1896; x_wconf 88' lang='lat' dir='ltr'><strong>in-</strong></span> 
     </span>
     <span class='ocr_line' id='line_1_19' title="bbox 182 1925 1342 1964; baseline -0.002 -8"><span class='ocrx_word' id='word_1_133' title='bbox 182 1929 250 1964; x_wconf 85' lang='lat' dir='ltr'><strong>cipit</strong></span> <span class='ocrx_word' id='word_1_134' title='bbox 268 1937 285 1955; x_wconf 81' lang='lat' dir='ltr'><strong>a</strong></span> <span class='ocrx_word' id='word_1_135' title='bbox 304 1928 397 1955; x_wconf 82' lang='lat' dir='ltr'><strong>verbis</strong></span> <span class='ocrx_word' id='word_1_136' title='bbox 415 1927 466 1954; x_wconf 80' lang='grc' dir='ltr'><strong>τοῦ</strong></span> <span class='ocrx_word' id='word_1_137' title='bbox 489 1925 739 1964; x_wconf 74' lang='grc' dir='ltr'><strong><em>κατηναγκάσθαι.</em></strong></span> <span class='ocrx_word' id='word_1_138' title='bbox 779 1928 888 1956; x_wconf 81' lang='lat' dir='ltr'><strong>Faehse</strong></span> <span class='ocrx_word' id='word_1_139' title='bbox 914 1936 982 1956; x_wconf 83' lang='lat' dir='ltr'><strong>vero</strong></span> <span class='ocrx_word' id='word_1_140' title='bbox 1005 1928 1285 1963; x_wconf 79' lang='lat' dir='ltr'><strong>(Animadversiones</strong></span> <span class='ocrx_word' id='word_1_141' title='bbox 1313 1928 1342 1955; x_wconf 90' lang='lat' dir='ltr'><strong>in</strong></span> 
     </span>
     <span class='ocr_line' id='line_1_20' title="bbox 179 1984 1344 2023; baseline -0.004 -8"><span class='ocrx_word' id='word_1_142' title='bbox 179 1988 259 2015; x_wconf 76' lang='lat' dir='ltr'><strong>Plut.</strong></span> <span class='ocrx_word' id='word_1_143' title='bbox 280 1996 380 2023; x_wconf 77' lang='lat' dir='ltr'><strong>opera,</strong></span> <span class='ocrx_word' id='word_1_144' title='bbox 413 1987 527 2022; x_wconf 72' lang='lat' dir='ltr'><strong>Lipsiae</strong></span> <span class='ocrx_word' id='word_1_145' title='bbox 552 1988 633 2022; x_wconf 82' lang='lat'>1825)</span> <span class='ocrx_word' id='word_1_146' title='bbox 653 1987 722 2015; x_wconf 75' lang='lat' dir='ltr'><strong>haec</strong></span> <span class='ocrx_word' id='word_1_147' title='bbox 738 2003 773 2007; x_wconf 96' lang='lat'><strong>—</strong></span> <span class='ocrx_word' id='word_1_148' title='bbox 792 1984 916 2023; x_wconf 78' lang='grc' dir='ltr'>πορίζειν</span> <span class='ocrx_word' id='word_1_149' title='bbox 936 1988 972 2015; x_wconf 77' lang='lat' dir='ltr'><strong>ad</strong></span> <span class='ocrx_word' id='word_1_150' title='bbox 994 1988 1087 2023; x_wconf 71' lang='lat' dir='ltr'><strong>priora</strong></span> <span class='ocrx_word' id='word_1_151' title='bbox 1107 1987 1213 2015; x_wconf 81' lang='lat' dir='ltr'><strong>retulit.</strong></span> <span class='ocrx_word' id='word_1_152' title='bbox 1251 1986 1344 2022; x_wconf 69' lang='lat' dir='ltr'><strong>Hujus</strong></span> 
     </span>
     <span class='ocr_line' id='line_1_21' title="bbox 178 2038 591 2074; baseline -0.005 -8"><span class='ocrx_word' id='word_1_153' title='bbox 178 2039 250 2066; x_wconf 80' lang='lat' dir='ltr'><strong>ratio</strong></span> <span class='ocrx_word' id='word_1_154' title='bbox 268 2038 450 2074; x_wconf 79' lang='lat' dir='ltr'><strong>praeferenda</strong></span> <span class='ocrx_word' id='word_1_155' title='bbox 469 2038 591 2065; x_wconf 84' lang='lat' dir='ltr'><strong>videtur.</strong></span> 
     </span>
    </p>

    <p class='ocr_par' dir='ltr' id='par_1_14' title="bbox 176 2092 1343 2235">
     <span class='ocr_line' id='line_1_22' title="bbox 217 2092 1343 2135; baseline -0.004 -10"><span class='ocrx_word' id='word_1_156' title='bbox 217 2098 256 2133; x_wconf 83' lang='lat'><strong>(2)</strong></span> <span class='ocrx_word' id='word_1_157' title='bbox 276 2097 440 2125; x_wconf 81' lang='lat' dir='ltr'><strong>Notandum</strong></span> <span class='ocrx_word' id='word_1_158' title='bbox 468 2097 498 2123; x_wconf 91' lang='lat' dir='ltr'><strong>h.</strong></span> <span class='ocrx_word' id='word_1_159' title='bbox 523 2096 544 2123; x_wconf 90' lang='lat' dir='ltr'><strong>l.</strong></span> <span class='ocrx_word' id='word_1_160' title='bbox 566 2105 650 2132; x_wconf 80' lang='lat' dir='ltr'><strong>quam</strong></span> <span class='ocrx_word' id='word_1_161' title='bbox 666 2101 793 2125; x_wconf 75' lang='lat' dir='ltr'><strong>accurate</strong></span> <span class='ocrx_word' id='word_1_162' title='bbox 811 2098 896 2125; x_wconf 83' lang='lat' dir='ltr'><strong>verba.</strong></span> <span class='ocrx_word' id='word_1_163' title='bbox 914 2093 1099 2135; x_wconf 70' lang='grc' dir='ltr'>ἀστράγαλος</span> <span class='ocrx_word' id='word_1_164' title='bbox 1111 2116 1120 2131; x_wconf 83' lang='grc'><em>,</em></span> <span class='ocrx_word' id='word_1_165' title='bbox 1143 2096 1250 2127; x_wconf 86' lang='grc' dir='ltr'><strong><em>πτῶσις</em></strong></span> <span class='ocrx_word' id='word_1_166' title='bbox 1263 2115 1272 2129; x_wconf 88' lang='grc'><em>,</em></span> <span class='ocrx_word' id='word_1_167' title='bbox 1295 2092 1343 2121; x_wconf 83' lang='grc' dir='ltr'><strong>αὶ-</strong></span> 
     </span>
     <span class='ocr_line' id='line_1_23' title="bbox 176 2151 1343 2194; baseline 0.001 -12"><span class='ocrx_word' id='word_1_168' title='bbox 176 2153 227 2182; x_wconf 88' lang='grc' dir='ltr'><strong>τία</strong></span> <span class='ocrx_word' id='word_1_169' title='bbox 241 2174 250 2189; x_wconf 89' lang='grc'>,</span> <span class='ocrx_word' id='word_1_170' title='bbox 274 2151 350 2182; x_wconf 82' lang='grc' dir='ltr'>αὐτὰ</span> <span class='ocrx_word' id='word_1_171' title='bbox 372 2153 487 2186; x_wconf 74' lang='grc' dir='ltr'><strong><em>πάντως</em></strong></span> <span class='ocrx_word' id='word_1_172' title='bbox 504 2159 532 2183; x_wconf 81' lang='lat' dir='ltr'><strong>et</strong></span> <span class='ocrx_word' id='word_1_173' title='bbox 551 2153 636 2192; x_wconf 76' lang='grc' dir='ltr'>ζύγος</span> <span class='ocrx_word' id='word_1_174' title='bbox 649 2174 657 2189; x_wconf 88' lang='grc'>,</span> <span class='ocrx_word' id='word_1_175' title='bbox 680 2151 754 2193; x_wconf 82' lang='grc' dir='ltr'><strong><em>ῥοπή</em></strong></span> <span class='ocrx_word' id='word_1_176' title='bbox 768 2176 776 2189; x_wconf 88' lang='grc'>,</span> <span class='ocrx_word' id='word_1_177' title='bbox 801 2152 942 2194; x_wconf 71' lang='grc' dir='ltr'><em>διαφόρα,</em></span> <span class='ocrx_word' id='word_1_178' title='bbox 969 2154 1007 2183; x_wconf 82' lang='grc' dir='ltr'><strong>τὰ</strong></span> <span class='ocrx_word' id='word_1_179' title='bbox 1029 2152 1129 2189; x_wconf 82' lang='grc' dir='ltr'><em>ἔξωθεν</em></span> <span class='ocrx_word' id='word_1_180' title='bbox 1153 2158 1206 2185; x_wconf 85' lang='lat' dir='ltr'><strong>sibi</strong></span> <span class='ocrx_word' id='word_1_181' title='bbox 1227 2164 1343 2193; x_wconf 80' lang='lat' dir='ltr'><strong>respon-</strong></span> 
     </span>
     <span class='ocr_line' id='line_1_24' title="bbox 176 2208 271 2235; baseline 0 -1"><span class='ocrx_word' id='word_1_182' title='bbox 176 2208 271 2235; x_wconf 78' lang='lat' dir='ltr'><strong>deant.</strong></span> 
     </span>
    </p>

    <p class='ocr_par' dir='ltr' id='par_1_15' title="bbox 214 2246 1341 2297">
     <span class='ocr_line' id='line_1_25' title="bbox 214 2246 1341 2297; baseline 0.001 -11"><span class='ocrx_word' id='word_1_183' title='bbox 214 2259 255 2294; x_wconf 88' lang='lat'><strong>(3)</strong></span> <span class='ocrx_word' id='word_1_184' title='bbox 276 2257 426 2293; x_wconf 86' lang='lat' dir='ltr'><strong>Quomodo</strong></span> <span class='ocrx_word' id='word_1_185' title='bbox 445 2258 513 2286; x_wconf 82' lang='lat' dir='ltr'><strong>haec</strong></span> <span class='ocrx_word' id='word_1_186' title='bbox 531 2259 647 2295; x_wconf 78' lang='lat' dir='ltr'><strong>probare</strong></span> <span class='ocrx_word' id='word_1_187' title='bbox 665 2262 782 2287; x_wconf 79' lang='lat' dir='ltr'><strong>conatus</strong></span> <span class='ocrx_word' id='word_1_188' title='bbox 805 2260 841 2288; x_wconf 80' lang='lat' dir='ltr'><strong>sit</strong></span> <span class='ocrx_word' id='word_1_189' title='bbox 857 2258 1049 2297; x_wconf 81' lang='lat' dir='ltr'><strong>Chrysippus,</strong></span> <span class='ocrx_word' id='word_1_190' title='bbox 1062 2260 1120 2288; x_wconf 83' lang='lat' dir='ltr'><strong>vid.</strong></span> <span class='ocrx_word' id='word_1_191' title='bbox 1142 2246 1295 2296; x_wconf 17' lang='lat' dir='ltr'><strong>apudVCic.</strong></span> <span class='ocrx_word' id='word_1_192' title='bbox 1306 2259 1341 2288; x_wconf 86' lang='lat' dir='ltr'><strong>de</strong></span> 
     </span>
    </p>
   </div>
   <div class='ocr_carea' id='block_1_14' title="bbox 175 2309 1338 2396">
    <p class='ocr_par' dir='ltr' id='par_1_16' title="bbox 175 2309 1338 2396">
     <span class='ocr_line' id='line_1_26' title="bbox 175 2309 1338 2347; baseline 0.001 -11"><span class='ocrx_word' id='word_1_193' title='bbox 175 2310 243 2337; x_wconf 83' lang='lat' dir='ltr'><strong>fato.</strong></span> <span class='ocrx_word' id='word_1_194' title='bbox 255 2318 316 2344; x_wconf 84' lang='lat' dir='ltr'><strong>cap.</strong></span> <span class='ocrx_word' id='word_1_195' title='bbox 337 2312 380 2336; x_wconf 91' lang='lat'><strong>10.</strong></span> <span class='ocrx_word' id='word_1_196' title='bbox 402 2309 477 2336; x_wconf 86' lang='lat' dir='ltr'><strong>Eum</strong></span> <span class='ocrx_word' id='word_1_197' title='bbox 500 2310 554 2337; x_wconf 79' lang='lat' dir='ltr'><strong>ista</strong></span> <span class='ocrx_word' id='word_1_198' title='bbox 569 2310 780 2339; x_wconf 76' lang='lat' dir='ltr'><strong>ratiocinatione</strong></span> <span class='ocrx_word' id='word_1_199' title='bbox 789 2311 948 2338; x_wconf 79' lang='lat' dir='ltr'><strong>confudisse</strong></span> <span class='ocrx_word' id='word_1_200' title='bbox 951 2311 1118 2347; x_wconf 75' lang='lat' dir='ltr'><strong>principium</strong></span> <span class='ocrx_word' id='word_1_201' title='bbox 1128 2310 1241 2338; x_wconf 79' lang='lat' dir='ltr'><strong>causale</strong></span> <span class='ocrx_word' id='word_1_202' title='bbox 1251 2314 1279 2337; x_wconf 82' lang='lat' dir='ltr'><strong>et</strong></span> <span class='ocrx_word' id='word_1_203' title='bbox 1291 2319 1338 2337; x_wconf 86' lang='lat' dir='ltr'><strong>ra-</strong></span> 
     </span>
     <span class='ocr_line' id='line_1_27' title="bbox 175 2358 1336 2396; baseline 0.002 -11"><span class='ocrx_word' id='word_1_204' title='bbox 175 2359 269 2386; x_wconf 73' lang='lat' dir='ltr'><strong>tionem</strong></span> <span class='ocrx_word' id='word_1_205' title='bbox 288 2358 467 2393; x_wconf 79' lang='lat' dir='ltr'><strong>sufficientem</strong></span> <span class='ocrx_word' id='word_1_206' title='bbox 487 2365 582 2387; x_wconf 88' lang='lat' dir='ltr'><strong>monet</strong></span> <span class='ocrx_word' id='word_1_207' title='bbox 601 2360 678 2387; x_wconf 83' lang='lat' dir='ltr'><strong>clar.</strong></span> <span class='ocrx_word' id='word_1_208' title='bbox 697 2360 896 2394; x_wconf 84' lang='lat' dir='ltr'><strong>Schroederus,</strong></span> <span class='ocrx_word' id='word_1_209' title='bbox 917 2361 1064 2389; x_wconf 80' lang='lat' dir='ltr'><strong>Elementa</strong></span> <span class='ocrx_word' id='word_1_210' title='bbox 1072 2361 1231 2388; x_wconf 77' lang='lat' dir='ltr'><strong>Mathcseos</strong></span> <span class='ocrx_word' id='word_1_211' title='bbox 1241 2368 1336 2396; x_wconf 79' lang='lat' dir='ltr'><strong>purae.</strong></span> 
     </span>
    </p>
   </div>
   <div class='ocr_carea' id='block_1_15' title="bbox 174 2410 424 2445">
    <p class='ocr_par' dir='ltr' id='par_1_17' title="bbox 174 2410 424 2445">
     <span class='ocr_line' id='line_1_28' title="bbox 174 2410 424 2445; baseline -0.004 -8"><span class='ocrx_word' id='word_1_212' title='bbox 174 2410 245 2437; x_wconf 81' lang='lat' dir='ltr'><strong>Pars</strong></span> <span class='ocrx_word' id='word_1_213' title='bbox 265 2410 289 2437; x_wconf 95' lang='grc' dir='ltr'><strong>Ι.</strong></span> <span class='ocrx_word' id='word_1_214' title='bbox 310 2419 339 2445; x_wconf 88' lang='lat' dir='ltr'><strong>p.</strong></span> <span class='ocrx_word' id='word_1_215' title='bbox 363 2413 424 2437; x_wconf 84' lang='lat'>183.</span> 
     </span>
    </p>
   </div>
  </div>
 </body>
</html>
