1524 2932
752 251 793 274 IX

198 342 348 389 quentia,
382 346 506 390 quauta
538 347 710 386 venustas,
744 346 870 390 quanta
903 342 1065 382 eruditioe
1101 343 1161 377 sed
1189 343 1353 377 educandi

197 433 262 457 uon
286 420 395 456 miuus
419 433 515 468 quam
547 421 686 458 docendi
710 421 817 469 officio
837 421 1010 468 suweus,
1035 432 1108 455 eum
1132 421 1355 456 humanitatis

200 501 233 533 et
265 510 362 533 verae
394 498 594 534 eruditionis
627 510 767 533 amorem
799 497 836 532 in
861 498 908 532 iis
932 497 1079 533 eoecitare
1102 497 1272 540 studebas,
1298 511 1357 544 quo

199 586 302 610 mores
335 575 551 611 emolliuntur
583 579 616 610 et
645 586 710 609 nou
734 573 841 609 solum
866 574 1037 609 doetrinae
1059 574 1170 620 copia,
1195 574 1255 608 sed
1282 575 1358 620 ipsa

199 662 320 697 quoque
344 651 452 686 virtus
477 654 509 685 et
523 650 692 696 felicitas
716 654 865 695 auqetur.

247 726 410 773 Inprimis
442 738 532 769 vero,
569 726 622 760 vir
646 726 857 761 doctissime!
882 726 976 760 illud
998 726 1111 772 maqui
1125 727 1246 772 facio,
1272 727 1358 773 quod

198 818 263 840 nou
288 808 419 840 tantum
435 808 632 851 praeceptor
656 804 718 839 sed
740 805 842 839 etiam
867 804 994 839 amicus
1015 804 1098 838 mihi
1119 816 1189 838 esse
1202 803 1358 846 voluisti,

200 886 232 916 et
266 894 363 928 quum
395 894 417 915 a
450 881 519 915 tuis
556 880 679 915 scholis
713 881 760 914 acl
791 880 930 914 altiores
964 879 1168 925 disciplinas
1201 880 1360 914 dimissus

200 969 317 999 essem,
341 956 425 991 mihi
449 969 514 991 riou
535 956 683 1002 defuisti
701 956 770 990 tuis
791 955 945 990 consiliis
958 959 1079 1002 tuaque
1091 954 1359 1001 familiaritate.

201 1033 305 1070 Heme
330 1045 404 1079 erqo
428 1033 580 1068 libellum
604 1033 755 1080 accipias
779 1032 895 1075 velim,
921 1036 958 1068 ut
977 1033 1104 1080 piqnus
1126 1033 1219 1079 qrati
1240 1033 1361 1075 animi,
1415 1083 1418 1085 -

200 1114 234 1145 et
254 1121 453 1158 persuasum
478 1111 541 1145 tibi
565 1110 626 1152 sit,
648 1123 774 1157 semper
798 1123 848 1145 me
874 1111 983 1145 eodem
1004 1123 1082 1157 erqa
1103 1114 1137 1145 te
1158 1111 1269 1146 auimo
1291 1122 1362 1146 esse

191 1188 367 1233 futurum.

248 1263 329 1298 Jam
349 1276 406 1299 vos
426 1263 510 1298 mihi
531 1263 755 1311 compellandi
774 1264 872 1306 escis,
897 1264 965 1299 viri
991 1264 1205 1300 Clarissimi!
1231 1276 1363 1311 quorum

201 1341 415 1375 institutione
449 1345 518 1375 tam
538 1341 679 1386 publica
704 1353 800 1387 quam
828 1341 970 1387 privata
995 1341 1032 1375 iu
1058 1341 1204 1376 Litteris
1228 1340 1361 1375 Huma-

163 1417 349 1462 „mribus
391 1420 423 1452 et
461 1416 687 1464 Philosophia
733 1417 927 1453 Pheoretioa
960 1429 1039 1452 usus
1075 1429 1155 1452 sum.
1224 1417 1362 1453 Vestrae

203 1492 386 1527 eruditioni
409 1504 513 1539 aeque
537 1504 577 1527 ac
601 1493 809 1527 humanitati
835 1493 988 1539 plurima
1016 1505 1066 1527 me
1092 1493 1221 1535 debere,
1243 1496 1362 1538 ‚oratus

202 1581 349 1614 aquo-sco.
413 1569 550 1604 Utinam
591 1570 635 1604 D.
666 1570 703 1605 Ο.
729 1569 781 1604 Μ’.
815 1570 876 1604 diu
908 1582 965 1604 vos
1002 1569 1113 1604 salvos
1151 1573 1183 1603 et
1219 1570 1361 1615 sospites

201 1647 331 1681 servet!
388 1646 451 1680 Vos
488 1649 598 1680 autem
635 1657 761 1692 semper
794 1646 927 1698 eadem3
960 1657 1024 1691 qua
1057 1657 1108 1678 me
1145 1644 1291 1679 bitteris
1329 1647 1361 1678 et

209 1722 451 1768 Philosophiae
472 1733 602 1767 operam
623 1725 801 1756 nauantem
823 1721 1017 1767 eoeeepistis,
1039 1721 1117 1755 bene
1129 1720 1364 1755 volentiamihi

192 1800 320 1844 favere
340 1798 516 1844 perqatis!

248 1876 355 1914 Quum
375 1874 450 1909 alia
471 1874 573 1909 etiam
614 1874 730 1909 studia
754 1886 804 1908 me
824 1874 862 1908 iu
883 1874 974 1909 alma
995 1874 1057 1909 hae
1086 1873 1266 1909 Musarum
1286 1873 1363 1907 sede

202 1951 387 1991 retineant,
411 1962 475 1984 riou
496 1950 587 1984 vobis
604 1949 858 1983 valeda’eeudum
879 1953 945 1990 est,
969 1948 1090 1983 dilecti
1110 1948 1264 1983 sodales!
1289 1947 1362 1994 qui-

198 2026 330 2071 buscum
372 2037 421 2059 me
458 2025 630 2071 eoujunyit
666 2025 851 2061 studiorum
888 2029 921 2060 et
959 2025 1131 2061 amicitiae
1183 2024 1363 2060 vinculum.

211 2102 243 2136 V
239 2114 275 2136 os
295 2102 402 2146 iqitur
423 2101 537 2136 eadem
558 2114 608 2135 me
629 2101 774 2136 caritate
793 2102 950 2148 prosequi
969 2103 1138 2148 perqatis,
1158 2114 1359 2148 persuasum

203 2179 293 2214 vobis
314 2179 486 2221 habentes,
511 2191 576 2221 me,
601 2190 787 2226 quoeunque
797 2179 890 2225 sata
902 2169 1049 2225 feraut{
1067 2179 1240 2215 amicitiae
1255 2179 1360 2227 fidem

196 2257 257 2303 pie
281 2259 455 2302 sancteque
480 2255 647 2290 culturum
672 2267 750 2290 esse.
