1524 2932
743 222 761 255 5

172 323 375 370 proferemus
406 322 447 358 de
476 322 662 358 voluntatis
695 322 859 358 libertate.
910 323 1027 358 Cetera
1052 322 1160 370 igitur
1186 325 1329 369 practer-

175 401 292 435 euntes
313 397 377 434 hoc
401 398 476 435 loco
499 399 646 435 breviter
670 410 875 441 enarremus,
900 398 983 446 quid
1009 398 1049 433 de
1071 398 1188 435 divina
1212 402 1332 434 natura

176 476 343 511 statuerit.

223 551 335 587 Deum
364 564 434 587 esse
466 564 536 586 non
569 554 705 591 tantum
740 551 858 586 docuit
890 550 1117 597 Chrysippus,
1142 551 1201 585 sed
1231 552 1331 586 etiam

175 628 381 675 argumentis
402 627 593 663 accuratius
619 626 845 662 demonstrare
869 629 1011 662 conatus
1032 629 1092 662 est.
1123 626 1247 663 Exstat
1260 627 1332 675 ejus

174 702 237 739 hac
263 703 304 739 de
323 716 359 739 re
382 704 628 751 argumentatio
650 702 739 750 apud
763 703 960 738 Ciceronem
983 703 1051 750 (De
1067 703 1149 739 Nat.
1176 704 1275 739 Deor.
1290 705 1329 739 II

176 790 204 814 c.
224 779 270 827 6.)
295 793 302 815 :
326 779 387 814 nSi
400 781 451 814 est
472 777 601 826 aliquid
622 779 659 814 in
676 790 787 814 rerum
803 781 940 822 natura;
953 779 1045 825 quod
1068 779 1216 815 hominis
1229 793 1333 823 mens,

175 855 267 902 quod
291 856 394 898 rati0,
424 855 515 901 quod
544 856 613 898 vis,
646 854 738 901 quod
762 858 910 902 potestas
934 855 1081 890 humana
1102 856 1230 891 efficere
1262 869 1331 892 non

175 933 284 979 possit
306 945 312 966 :
339 934 390 967 est
407 934 496 967 certe
512 931 565 975 id,
589 931 680 978 quod
705 931 793 967 illud
810 932 929 975 efficit,
953 931 1090 967 homine
1110 915 1241 968 melius.
1267 934 1332 969 At-

176 1008 237 1054 qui
260 1019 313 1042 res
339 1006 495 1042 caelestes
520 1019 701 1053 omnesque
722 1019 793 1050 eae,
818 1019 959 1053 quarum
982 1010 1034 1042 est
1054 1007 1136 1043 ordo
1158 1008 1333 1055 sempiter—

174 1097 256 1128 nus,
281 1083 323 1120 ab
346 1082 483 1120 homine
501 1084 623 1120 confici
644 1096 714 1119 non
735 1087 894 1132 possunt3
919 1087 970 1120 est
990 1084 1099 1132 igitur
1119 1084 1171 1128 id,
1196 1098 1263 1132 quo
1276 1085 1336 1121 illa

177 1160 422 1203 conficiuntur,
446 1159 582 1195 homine
601 1160 731 1195 melius.
780 1160 824 1195 Id
848 1163 975 1203 autem,
1000 1161 1084 1207 quid
1108 1162 1223 1208 potius
1242 1162 1336 1197 dixe-

176 1238 240 1280 ris,
264 1249 364 1283 quam
394 1236 514 1272 deum?
565 1236 718 1279 Etenim,
743 1237 773 1271 si
792 1236 841 1271 dii
861 1249 933 1271 non
954 1240 1051 1279 sunt,
1076 1237 1161 1283 qujd
1182 1249 1253 1273 esse
1277 1250 1337 1285 po-

175 1315 243 1348 test
268 1313 306 1347 in
338 1324 449 1347 rerum
481 1314 603 1347 natura
636 1312 773 1347 homine
805 1312 949 1347 melius?
1009 1313 1054 1347 In
1079 1325 1117 1348 eo
1151 1314 1241 1349 enim
1263 1314 1335 1350 solo

176 1388 263 1423 ratio
288 1390 354 1431 est,
378 1400 445 1434 qua
475 1387 565 1423 nihil
589 1390 701 1435 potest
730 1400 801 1423 esse
825 1388 1061 1435 praestantius.
1111 1388 1195 1424 Esse
1225 1392 1336 1425 autem

176 1465 360 1507 hominem,
393 1465 452 1511 qui
477 1464 566 1500 nihil
596 1465 633 1500 in
658 1465 751 1500 omni
780 1464 908 1500 mundo
932 1464 1053 1500 melius
1078 1478 1149 1501 esse
1173 1479 1273 1513 quam
1304 1480 1338 1503 se

176 1543 289 1588 putet,
315 1540 511 1588 desipientis
533 1542 742 1589 arrogantiae
766 1543 826 1576 est.
864 1541 957 1589 Ergo
979 1544 1030 1577 est
1054 1541 1185 1588 aliquid
1197 1543 1335 1579 melius:

176 1621 228 1654 est
251 1618 360 1665 igitur
380 1618 529 1665 profecto
548 1617 659 1652 deus.''
697 1618 734 1652 Si
760 1629 839 1660 vero
860 1618 1048 1663 quaeritur,
1073 1618 1183 1664 qualis
1206 1619 1252 1654 sit
1276 1618 1335 1654 ille

179 1694 276 1737 deus,
312 1693 515 1741 respondent
540 1693 648 1728 Stoici
675 1706 681 1727 ε
707 1705 783 1728 eum
813 1705 884 1728 esse
907 1694 1080 1736 mundum,
1111 1697 1212 1740 atque
1239 1695 1277 1729 in
1302 1707 1338 1730 se

176 1773 289 1820 ipsum
309 1783 441 1807 omnem
465 1770 689 1807 substantiam
711 1782 919 1813 consumere,
944 1781 1127 1816 rursusque
1152 1782 1194 1806 ex
1215 1783 1250 1806 se
1262 1771 1337 1818 ipso

177 1851 317 1898 gignere
339 1850 408 1896 (1);
434 1851 468 1884 et
498 1847 724 1895 Chrysippus,
749 1859 848 1893 quem
869 1846 989 1882 Cicero
1013 1847 1228 1883 vaferrimum
1254 1847 1339 1883 dicit

177 1926 369 1961 Stoicorum
401 1925 607 1959 somniorum
628 1924 859 1970 interpretem,
895 1935 1072 1970 ›lmagnam
1096 1923 1230 1959 turbam
1256 1936 1337 1959 con-

178 2004 295 2049 gregat
316 2002 511 2048 ignotorum
533 2000 685 2042 deorum,
722 2001 822 2045 atque
841 1999 891 2033 ita
914 1999 1126 2046 ignotorum,
1162 2002 1203 2034 ut
1219 2010 1275 2034 eos
1295 2012 1339 2035 ne

178 2081 371 2128 conjectura
391 2078 526 2126 quidem
547 2078 726 2113 informare
746 2077 923 2125 possimus.
973 2076 1035 2111 Ait
1056 2076 1145 2111 enim
1164 2076 1234 2111 vim
1248 2075 1338 2112 divi-

177 2171 256 2194 nam
277 2159 314 2193 in
334 2157 465 2192 ratione
485 2168 555 2191 esse
572 2155 717 2202 positam
729 2157 763 2189 et
775 2154 950 2189 universae
960 2155 1101 2188 naturae
1113 2153 1225 2188 animo
1238 2155 1339 2200 atque

178 2237 290 2270 mente
308 2247 315 2269 ε
336 2234 513 2281 ipsumque
529 2231 694 2267 mundum
711 2230 809 2266 deum
823 2230 909 2265 dicit
921 2241 1007 2271 esse,
1031 2231 1065 2264 et
1078 2229 1150 2276 ejus
1164 2229 1267 2265 animi
1281 2230 1335 2265 su-

214 2421 252 2455 (l)
274 2420 358 2453 Dion.
378 2420 412 2447 L.
436 2420 500 2447 Lib.
522 2420 590 2447 Vll.
611 2421 625 2453 ξ
648 2419 709 2446 137.
729 2417 788 2447 Cic..
811 2419 843 2445 de
869 2418 936 2445 Nat.
962 2418 1048 2445 Dcor.
1070 2417 1094 2443 1.
1117 2426 1141 2442 e.
1164 2419 1205 2442 15.
