1524 2932
735 179 778 215 SI

175 286 216 321 ab
241 284 355 320 eodem
383 284 552 321 dicuntur.
612 285 816 322 Plutarchus
838 287 876 321 in
900 298 938 341 eo
964 287 1072 321 inesse
1093 289 1191 333 putat
1216 298 1336 334 repug-

174 362 342 404 nantiam,
378 362 469 409 quod
518 362 559 398 ab
592 375 660 398 una
692 365 787 410 parte
824 362 1014 399 doctrinam
1047 375 1142 399 suam
1179 364 1268 400 vitae
1305 368 1337 399 et

174 441 350 492 προλήψεσι
389 445 644 480 convenientem
668 456 739 480 esse
763 446 893 479 statuat
913 444 1142 492 Chrysippus,
1168 446 1209 482 ab
1235 446 1339 482 altera

175 530 253 555 vero
285 522 379 567 parte
412 520 570 555 doctrin&
599 521 662 554 sua
695 531 758 554 nos
787 518 961 555 abstrahat
986 532 1005 555 a
1034 520 1121 563 vita,
1152 533 1171 555 a
1196 522 1340 556 sanitate

177 600 319 647 aliisque
355 601 454 637 rebus
485 600 708 647 optabilibus,
746 613 867 647 easque
897 600 985 637 nihil
1016 601 1058 645 ad
1091 614 1153 637 nos
1178 602 1342 649 pertinere

176 683 367 719 contendat.

223 764 294 801 Hic
318 777 396 801 vero
422 764 626 800 Plutarchus
653 764 890 800 subtilioribus
912 765 1107 800 Stoicorum
1129 765 1337 800 definitioni-

174 845 238 881 bus
263 846 422 894 deceptus
447 849 507 882 est.
558 846 608 882 Ut
632 848 724 882 enim
744 859 847 895 supra
870 847 1186 889 animadvertimus,
1204 847 1338 883 Stoicos

175 928 385 978 distinguere
408 929 497 964 inter
523 928 563 963 τὰ
592 926 779 977 ἀδιάφορα,
806 931 974 975 quatenus
1008 928 1108 964 homo
1134 931 1273 966 virtutis
1307 933 1340 965 et

175 1024 270 1047 verae
290 1012 466 1047 felicitatis
491 1012 537 1046 sit
568 1011 759 1053 studiosus,
785 1014 819 1046 et
844 1012 885 1046 τὰ
914 1009 1100 1061 ἀδιάφορα,
1126 1013 1257 1047 ratione
1281 1012 1340 1047 ha—

174 1089 246 1125 bita
270 1088 514 1137 cupiditatum,
540 1088 802 1135 qualescumque
823 1089 913 1131 sint3
935 1088 984 1123 ita
1007 1087 1072 1123 hoc
1093 1087 1168 1123 loco
1190 1100 1260 1123 non
1274 1087 1338 1123 du-

175 1165 355 1202 bitandum
377 1169 443 1208 est,
468 1178 524 1201 eos
550 1167 622 1213 pari
651 1165 752 1201 modo
778 1165 978 1201 distinxisse
1002 1178 1073 1209 res,
1098 1178 1183 1212 quae
1209 1167 1250 1201 ad
1276 1179 1338 1201 nos

173 1249 341 1296 pertinere
367 1248 539 1284 dicuntur.
565 1248 745 1284 Pertinent
769 1247 906 1295 quidem
925 1248 968 1283 ad
990 1261 1052 1284 nos
1079 1249 1121 1284 τὰ
1140 1249 1337 1298 προηγμένα,

173 1328 341 1372 quatenus
360 1325 496 1371 aliquod
518 1324 665 1372 pretium
695 1325 739 1359 iis
764 1324 811 1359 sit
836 1323 1072 1367 tribuendmn;
1098 1337 1168 1360 non
1192 1337 1270 1360 vero
1296 1326 1337 1360 ad

173 1420 235 1443 nos
268 1408 455 1455 pertinent,
494 1408 523 1441 si
553 1407 695 1442 virtutis
733 1409 767 1441 et
796 1406 971 1442 felicitatis
1000 1402 1074 1455 (τοῦ
1102 1402 1221 1453 τέλους)
1247 1408 1335 1442 ratio

172 1484 324 1522 habetur.

220 1561 318 1601 Quae
339 1560 495 1607 deinceps
508 1560 605 1595 addit
618 1560 839 1602 Plutarchus,
860 1572 898 1594 ea
909 1561 1052 1595 minoris
1065 1564 1147 1596 sunt
1160 1563 1331 1596 momenti.

173 1638 362 1680 Nimirum,
399 1640 439 1673 ut
464 1640 576 1685 aperte
605 1637 778 1679 ostendat,
803 1636 989 1672 secundum
1014 1637 1123 1684 ipsius
1149 1637 1334 1685 Chrysippi

173 1715 366 1762 opinionem
391 1715 429 1749 in
450 1714 561 1750 verbis
574 1714 722 1749 laudatis
747 1714 857 1749 inesse
881 1714 1154 1761 repugnantiam,
1179 1714 1245 1749 hoc
1262 1715 1335 1761 ejus

173 1799 269 1833 affert
305 1786 525 1833 enunciatum
548 1810 554 1831 ε
580 1794 633 1831 διὸ
662 1795 715 1831 καὶ
746 1793 806 1831 διὰ
835 1796 891 1834 τὴν
921 1794 1102 1845 ὑπερβολὴν
1126 1800 1179 1832 τοῦ
1208 1810 1240 1832 τε
1272 1811 1335 1845 με-

172 1881 278 1930 γέθους
317 1880 371 1916 καὶ
407 1884 460 1917 τοῦ
497 1880 651 1927 κάλλους,
699 1879 869 1928 πλάσμασι
909 1878 1063 1928 δοκοῦμεν
1093 1883 1186 1928 ὅμοιοι
1215 1879 1335 1929 λέγειν,

172 1962 227 1998 καὶ
256 1962 292 1998 οὐ
321 1962 406 1998 κατὰ
436 1961 487 1998 τὸν
517 1961 683 2012 ἄνθρωπον
711 1960 764 1997 καὶ
801 1963 857 2000 τὴν
885 1961 1087 2012 ἀνθρωπίνην
1115 1962 1219 2012 φύσιν.
1288 1965 1336 1998 At

171 2051 241 2075 non
279 2038 556 2075 animadvertisse
601 2038 738 2074 videtur
775 2050 909 2080 censor,
959 2038 1188 2086 Chrysippum
1227 2039 1337 2075 dicere

172 2120 342 2169 πλάσμασι
376 2118 599 2167 δοκοῦμεν
636 2122 730 2168 ὅμοιοι
758 2119 878 2167 λέγειν,
919 2133 987 2156 non
1026 2133 1104 2156 vero
1144 2120 1333 2168 πλάσμασιν

172 2207 265 2251 ὅμοια
293 2202 436 2250 λέγομεν.

223 2386 421 2432 assumens?
449 2386 495 2419 ait
521 2384 749 2431 Chrysippus,
775 2385 801 2418 si
827 2384 1048 2430 amplissimas
1080 2396 1157 2429 opes
1185 2385 1334 2423 amittat,

1215 2465 1234 2495 6
