1524 2932
736 207 777 240 11

416 710 674 766 PARS
748 711 1093 771 PR10R.

221 866 275 903 ΒΕ
313 863 546 903 NONNULLIS
583 863 803 903 CHRYSIPPI
840 867 1030 906 PLAGITIS
1063 869 1285 906 UNIVERSE.

683 1023 835 1035 .-..,-

565 1165 722 1200 CAPUT
760 1166 968 1203 PRIMUM.

467 1282 513 1306 DE
553 1281 762 1306 LIBERTATE
802 1283 1049 1307 VOLUNTATIS.

692 1433 819 1442 —-·——

225 1554 417 1600 Antequam
439 1565 576 1601 agamus
598 1554 639 1589 de
662 1553 798 1601 placitis
824 1552 866 1588 ad
892 1553 1054 1590 virtutem
1072 1556 1106 1590 et
1130 1553 1232 1602 hujus
1258 1567 1335 1591 cum

175 1629 337 1666 felicitate
362 1630 636 1677 conjunctionem
662 1629 903 1673 attinentibus,
928 1629 1055 1673 locum,
1080 1631 1140 1677 qui
1157 1633 1208 1667 est
1227 1630 1268 1666 de
1291 1631 1335 1667 li-

174 1708 302 1743 bertate
325 1707 528 1750 voluntatis,
564 1708 663 1744 nobis
688 1707 904 1743 tractandum
941 1708 1186 1754 proposuimus.
1248 1709 1333 1744 Eam

177 1784 246 1819 vim
272 1783 403 1818 scilieet
424 1784 576 1829 quaestio
599 1783 639 1818 de
659 1783 816 1818 libertate
836 1782 1026 1817 voluntatis
1043 1782 1164 1818 habere
1183 1783 1335 1826 videtur,

175 1862 230 1902 ut,
255 1860 323 1894 nisi
345 1862 443 1894 antea
464 1858 547 1905 quid
573 1858 614 1893 de
634 1871 673 1893 ea
697 1858 917 1893 statuendum
943 1858 991 1893 sit
1013 1858 1216 1902 decreveris,
1241 1862 1333 1895 omni

174 1936 395 1972 fundamento
419 1937 457 1970 in
483 1935 638 1970 doctrina
671 1934 789 1969 morali
807 1935 854 1969 sis
881 1934 1075 1969 destitutus.
1126 1935 1196 1970 Ubi
1223 1937 1333 1970 omnis

175 2013 311 2048 libertas
337 2012 581 2058 qualiscunque
605 2011 776 2047 voluntati
800 2011 965 2046 humanae
995 2011 1157 2059 denegata
1181 2015 1247 2054 est,
1271 2025 1333 2047 nec

175 2089 216 2125 de
240 2089 368 2124 virtute
380 2100 442 2124 nec
456 2088 497 2123 de
521 2088 607 2124 vitio
632 2099 739 2123 sermo
757 2099 828 2123 esse
848 2087 988 2135 poterit;
1014 2089 1089 2130 aut,
1114 2088 1143 2122 si
1168 2087 1331 2124 voeabula

174 2166 316 2201 retinere
337 2165 413 2210 quis
439 2164 538 2206 velit,
563 2164 831 2211 significationes
857 2176 875 2198 a
896 2163 1094 2210 vulgaribus
1116 2164 1266 2199 diversae
1287 2166 1330 2200 iis

173 2242 376 2278 tribuentur.
402 2240 484 2276 Non
510 2240 619 2288 igitur
642 2241 781 2283 mirum,
801 2239 893 2276 hunc
913 2239 1026 2276 locum
1039 2240 1081 2276 ab
1094 2241 1251 2277 omnibus
1264 2241 1331 2278 fere

174 2317 398 2366 philosophis,
422 2317 548 2363 quide
568 2317 686 2352 morali
713 2317 866 2352 doctrina
892 2319 1047 2364 egerunt,
1073 2317 1109 2350 in
1136 2320 1328 2352 controver-

173 2397 255 2432 siam
286 2409 355 2432 esse
380 2397 539 2431 vocatam.
