1524 2932
784 196 828 228 80

287 298 444 344 Denique
469 296 674 340 Plutarchus
700 296 734 331 ll.
758 309 789 344 p.
813 299 906 333 1041
933 298 975 333 A.
988 301 1078 334 recte
1090 301 1219 342 monet,
1237 297 1400 346 Chrysip-

236 387 317 421 pum
351 386 475 409 errasse
509 376 714 409 statuentem
736 387 742 408 :
764 374 903 420 justitia
939 374 1091 417 sublata,
1115 374 1261 421 reliquas
1278 377 1398 410 tamen

236 451 382 485 virtutes
407 451 477 486 vim
502 462 598 485 suam
621 461 719 497 posse
743 450 888 485 retinere
914 451 985 498 (l);
1011 463 1154 498 eumque
1179 451 1217 486 in
1242 450 1307 486 hoc
1332 451 1399 487 sibi

235 545 455 582 repugnasse,
492 546 598 580 quum
631 533 713 569 alibi
747 536 875 569 statuat
901 547 907 568 :
933 535 979 569 ὅτι
1011 538 1079 569 πᾶν
1124 533 1313 583 κατόρθωμα
1344 533 1397 569 καὶ

233 615 395 664 εὐνόμημα
424 615 478 650 καὶ
508 614 779 663 δικαιοπράγημά
806 614 884 650 ἐστι·
915 613 949 649 τὸ
976 612 1016 649 δέ
1044 628 1082 663 γε
1118 611 1187 651 κατ’
1211 614 1400 664 ἐγκράτειαν

235 696 255 734 ἢ
301 697 449 745 φρόνησιν
480 695 500 734 ἢ
538 693 691 745 ἀνδρείαν
720 697 948 745 πραττόμενον,
986 695 1178 745 κατόρθωμά
1205 695 1284 732 ἐστι·
1316 699 1398 732 ὥστε

235 776 289 813 καὶ
334 775 616 828 δικαιοπράγημα.
668 778 766 818 Quae
795 779 896 815 verba
925 791 1038 816 revera
1062 779 1198 815 Stoicae
1227 780 1401 829 doctrinae

234 856 460 890 consentanea
484 857 575 890 sunt.

280 1009 493 1057 Chrysippus
527 1011 705 1046 scientiam
738 1010 903 1046 bonorum
929 1014 963 1046 et
992 1010 1155 1046 malorum
1179 1012 1324 1046 maxime
1353 1011 1395 1046 ad

231 1086 338 1121 vitam
372 1086 458 1121 dicit
491 1098 562 1121 esse
595 1087 895 1129 accommodatam,
928 1099 1066 1133 eamque
1101 1088 1281 1123 convenire
1317 1099 1396 1122 cum

230 1162 360 1198 innatis
384 1162 586 1198 notionibus
614 1163 678 1210 (2).
728 1163 824 1198 Idem
848 1176 947 1216 porro
973 1164 1166 1207 contendit,
1191 1177 1229 1199 ea
1253 1165 1396 1216 scientia
1426 1168 1428 1172 ’

229 1239 271 1275 ab
296 1238 455 1274 omnibus
481 1238 556 1274 aliis
592 1238 692 1274 rebus
713 1251 777 1274 nos
808 1238 974 1283 abstrahi,
1007 1240 1133 1287 quippe
1152 1239 1241 1275 nihil
1268 1240 1310 1275 ad
1331 1252 1394 1275 nos

228 1317 479 1365 pertinentibus
516 1329 625 1363 neque
657 1316 700 1351 ad
732 1316 928 1352 felicitatem
953 1316 1139 1363 quidquam
1172 1317 1395 1352 conducenti-

228 1399 302 1435 bus.
352 1399 574 1446 Perspicuum
599 1401 666 1442 est,
691 1398 748 1434 hic
773 1411 958 1435 sermonem
978 1411 1049 1434 esse
1073 1396 1144 1447 περὶ
1174 1400 1238 1433 τῶν
1266 1411 1395 1447 προηγ-

226 1482 347 1531 μένων,
373 1495 459 1529 quae
484 1482 560 1518 aliis
594 1495 729 1531 quoque
757 1483 844 1519 locis
881 1483 932 1531 (3)
959 1481 1048 1518 nihil
1073 1481 1116 1517 ad
1140 1494 1203 1517 nos
1228 1482 1394 1529 pertinere

223 1639 283 1665 tum
317 1641 465 1674 expetatur
492 1632 565 1673 (οἷον
598 1633 630 1665 τὸ
653 1639 780 1677 φρονεῖν,
805 1647 834 1665 κ.
860 1646 886 1666 τ.
911 1631 973 1673 λ.);
995 1637 1125 1669 tertium,
1144 1636 1221 1672 quod
1235 1644 1323 1672 quum
1343 1644 1393 1672 per

224 1697 254 1717 se
281 1697 341 1717 non
363 1690 552 1725 expetendum
587 1690 732 1723 videatur,
752 1693 848 1717 tamen
871 1693 984 1725 propter
1002 1688 1148 1721 effectum,
1167 1696 1251 1724 quem
1273 1688 1389 1722 habeat,

222 1747 341 1774 minime
362 1747 458 1782 sperni
478 1747 577 1775 soleat.
606 1741 678 1781 (οἷον
701 1742 733 1773 τὸ
755 1744 951 1785 γυμνάζεσθαι
973 1755 1002 1773 κ.
1025 1754 1055 1773 τ.
1081 1740 1134 1781 L).
1174 1746 1212 1773 Et
1239 1746 1292 1773 sub
1322 1746 1390 1773 alte-

222 1806 286 1824 rum
305 1798 420 1833 quidem
443 1797 530 1831 illud,
551 1797 626 1833 quod
649 1801 767 1832 utroque
787 1798 903 1825 nomine
930 1806 959 1826 se
978 1797 1173 1831 commendat,
1201 1795 1328 1824 Socrates
1357 1796 1387 1823 h.

220 1848 241 1875 1.
254 1848 394 1884 justitiam
413 1848 567 1883 subjectam
586 1856 646 1876 esse
666 1848 714 1875 ait.

261 1900 301 1933 (l)
322 1899 391 1926 vid.
411 1899 595 1932 Plutarchus,
616 1908 645 1934 p.
668 1901 739 1925 1040
758 1899 794 1926 F.

259 1959 299 1993 (2)
320 1959 504 1993 Plutarchus,
524 1960 568 1987 1.1.
589 1970 618 1996 p.
642 1963 708 1988 1041
730 1961 765 1988 F.
788 1976 823 1981 -—
844 1957 989 1999 Πρόληψις
1011 1960 1389 1995 estnaturalisintelligentia

219 2029 335 2055 eorum,
365 2030 436 2057 qnae
467 2024 661 2051 universaliter
688 2027 756 2051 sunt
786 2016 893 2056 (ἔννοια
924 2018 1026 2058 φυσικὴ
1062 2021 1118 2047 τῶν
1151 2014 1299 2054 καθόλου).
1339 2019 1388 2047 Ad

219 2075 328 2114 ἔννοιας
345 2087 491 2119 tamquam
509 2084 546 2111 ad
567 2093 655 2119 genus
673 2086 793 2113 refertur
811 2078 963 2120 πρόληψις.
986 2083 1102 2111 Ceterae
1126 2078 1231 2110 ἔννοιαι
1247 2091 1306 2110 non
1315 2083 1388 2110 fiunt

218 2135 449 2178 ἀνεπιτεχνήτως
463 2162 471 2176 ,
502 2145 550 2172 sed
580 2139 630 2170 διά
668 2139 860 2174 διδασκαλίας
894 2139 942 2169 καὶ
975 2139 1145 2180 ἐπιμελείας.
1194 2143 1277 2171 Conf.
1298 2143 1385 2179 Diog.

217 2189 315 2217 La'ert.
335 2191 372 2219 L.
388 2193 459 2220 VII.
484 2195 499 2229 §
518 2198 553 2221 54
576 2199 603 2223 et
624 2195 794 2222 Plutarchus
814 2195 849 2222 de
868 2194 983 2221 Placitis
998 2194 1069 2229 phil.
1089 2193 1146 2221 111.
1163 2203 1190 2222 c.
1210 2197 1254 2222 11.
1274 2194 1320 2222 De
1333 2196 1387 2222 hoc

216 2246 383 2276 argumento
412 2245 467 2279 egit
495 2246 532 2273 T.
562 2246 690 2278 Roorda,
720 2246 800 2281 cujus
829 2249 922 2273 exstat
949 2245 1148 2272 commentatio
1173 2245 1203 2272 in
1223 2244 1384 2272 Annalibus

214 2291 306 2320 Acad.
328 2293 503 2329 Lugd.-Bat.
524 2306 552 2324 a.
573 2300 770 2331 1822—1823·,
791 2298 839 2324 ubi
863 2297 926 2324 vide
945 2305 974 2332 p.
1004 2300 1020 2324 9
1039 2305 1081 2332 sq.

253 2345 293 2379 (3)
314 2345 481 2375 Plutarchus
507 2348 542 2376 de
564 2348 651 2377 Stoic.
687 2349 816 2384 Repugn.
844 2358 874 2384 p.
901 2351 971 2376 1048
993 2347 1047 2381 Β.,
1068 2348 1103 2375 de
1125 2346 1236 2375 Comm.
1260 2347 1329 2376 Not.
1350 2358 1379 2384 p.

216 2397 285 2421 1060
306 2396 340 2423 E.
