1524 2932
737 169 781 203 83

171 268 355 305 mercedem
389 270 429 305 ab
462 283 499 305 eo
535 273 681 319 exigere,
721 275 760 306 ut
793 273 841 306 ita
871 284 984 307 omnes
1019 274 1134 306 caveat
1170 284 1207 306 ea
1239 272 1276 305 in
1302 283 1336 306 re

171 352 315 399 injurias
347 348 586 402 (ἀδικήματα).

220 432 298 469 Hoc
308 414 509 471 vocabulum
533 432 682 484 ἀδίκημα
707 433 893 471 Plutarcho
915 446 1030 469 ansam
1055 434 1206 482 praebet,
1232 435 1331 471 aliam

170 508 367 558 Chrysippi,
405 514 445 546 ut
478 511 653 558 opinatur,
690 510 950 557 repugnantiam
982 510 1199 545 memorandi.
1261 510 1332 545 Hie

169 592 258 627 enim
292 592 374 628 alibi
404 595 569 629 statuerat
593 593 638 640 μὴ
667 589 850 628 ἀδικεῖσθαι
880 590 932 628 τὸν
960 593 1066 641 σοφόν.
1127 592 1223 628 Num
1257 604 1334 628 vero

169 667 234 702 hoc
258 668 301 703 ad
325 669 485 703 damnum
523 668 684 703 mercedis
717 668 853 714 jactura
877 669 1022 715 sapienti
1056 668 1191 704 illatum
1215 669 1331 704 referri

168 743 291 789 possit,
311 743 445 790 judicet
466 755 591 789 aequus
612 742 719 778 lector
744 755 785 778 ex
810 744 870 786 iis,
895 755 982 789 quae
1002 743 1139 779 exhibet
1165 743 1330 779 Stobaeus

166 817 212 853 Ll.
237 830 269 865 p.
290 821 359 854 228
379 832 385 853 :
410 819 554 865 uNeque
578 819 704 865 injuria
725 819 813 854 affici
838 831 901 854 nec
921 818 1010 854 laedi
1032 819 1231 865 sapientem
1258 820 1330 855 fieri

165 894 301 941 quidem
330 894 521 937 interdum,
546 898 586 930 ut
607 895 667 930 alii
699 895 737 929 in
762 907 838 930 eum
867 894 1076 930 invehantur
1096 897 1129 930 et
1155 897 1330 931 contume-

165 969 250 1005 liose
273 970 311 1004 in
345 982 421 1004 eum
446 973 566 1018 agant,
604 973 638 1005 at
663 970 717 1007 vel
742 971 792 1005 sic
827 973 939 1006 tamen
967 972 1152 1007 innocuum
1178 984 1249 1008 esse
1279 984 1331 1007 sa-

165 1045 313 1092 pientem
346 1058 410 1081 nec
447 1046 564 1082 cadere
605 1047 642 1082 in
679 1048 791 1094 ipsum
831 1048 1084 1092 contumeliam,
1118 1050 1243 1096 quippe
1273 1062 1328 1085 eos

165 1122 280 1168 potius
318 1121 587 1165 dedecorantem,
621 1124 681 1168 qui
706 1122 800 1158 illam
825 1123 982 1158 inferant.
1032 1124 1225 1171 Sapientem
1251 1136 1329 1160 vero

165 1187 309 1232 liberum
338 1197 380 1233 ab
405 1210 442 1233 ea
467 1198 553 1241 fore,
578 1199 638 1245 qui
664 1198 878 1235 dehonestari
905 1211 1042 1247 prorsus
1066 1203 1227 1247 nequeat,
1253 1213 1329 1236 cum

164 1273 202 1307 in
235 1285 271 1307 se
302 1274 377 1320 ipso
409 1273 531 1309 habeat
563 1274 686 1310 bonam
719 1277 754 1310 et
789 1275 941 1311 divinam
970 1269 1148 1319 virtutem,
1183 1276 1329 1323 adeoque

164 1361 292 1385 vacuus
317 1350 363 1386 sit
385 1350 427 1386 ab
452 1351 544 1386 omni
567 1351 654 1388 vitio
678 1354 713 1386 et
736 1354 855 1387 noxa.''

210 1503 339 1539 Eodem
363 1504 430 1539 fere
451 1504 552 1539 modo
573 1503 779 1540 Plutarchus
800 1504 933 1540 fallitur
954 1505 991 1539 in
1004 1505 1094 1546 loco,
1121 1517 1219 1550 quem
1232 1517 1324 1540 nunc

161 1580 350 1626 exposituri
373 1591 499 1614 sumus.

209 1655 424 1692 Vetustiores
449 1656 587 1703 quidam
615 1656 715 1704 (teste
739 1656 924 1693 Plutarcho
949 1656 994 1693 1.1.
1020 1669 1051 1705 p.
1080 1659 1171 1693 1047
1189 1657 1244 1705 E.)
1271 1657 1323 1700 id,

159 1717 253 1779 quod
277 1733 391 1768 evenit
421 1733 525 1768 alicui
559 1733 694 1768 acidum
719 1734 838 1769 vinum
862 1733 1018 1776 habenti,
1042 1737 1082 1769 ut
1105 1746 1214 1779 neque
1236 1738 1322 1769 tam-

158 1821 260 1856 quam
293 1811 425 1844 acetum
456 1821 566 1856 neque
599 1811 769 1856 tamquam
805 1810 923 1846 vinum
956 1810 993 1845 id
1027 1809 1170 1845 vendere
1194 1814 1323 1858 posset,

158 1892 288 1927 Zenoni
321 1892 485 1926 accidisse
518 1892 694 1935 dixerunt,
730 1904 836 1937 quum
873 1891 907 1927 τὸ
945 1886 1143 1940 προηγμένοῦ
1172 1895 1251 1939 μήτε
1283 1893 1323 1932 ὡς

156 1971 277 2022 ἀγαθὸν
306 1975 386 2022 μήτε
408 1972 450 2014 ὡς
472 1970 650 2024 ἀδιάφορον
677 1975 730 2023 (1)
756 1977 870 2022 posset
890 1974 1073 2012 v'enditare.
1124 1975 1220 2015 Quos
1243 1988 1320 2012 vero

155 2054 269 2089 minus
301 2055 392 2088 recte
419 2054 606 2100 judicasse,
643 2066 685 2090 ex
709 2055 769 2099 iis,
803 2068 889 2102 quae
922 2069 1023 2105 supra
1047 2057 1088 2092 de
1121 2058 1318 2106 προηγμένου

154 2131 286 2167 ratione
317 2132 590 2175 memoravimus,
623 2131 815 2168 luculenter
838 2136 939 2181 patet.
1002 2134 1207 2170 Plutarchus
1238 2148 1315 2170 vero

190 2297 230 2331 (l)
250 2297 328 2333 Lego
347 2293 503 2335 ἀδιάφορον
524 2297 593 2332 (11011
612 2293 776 2337 διάφορον),
797 2301 976 2328 monentibus
1008 2301 1158 2328 Meziriaco
1194 2307 1221 2328 ct
1254 2303 1313 2329 Sal-

150 2348 255 2382 masio,
277 2350 412 2383 probante
431 2349 657 2384 Wyttenbachio.

1159 2421 1212 2452 63(-
