1524 2932
762 216 807 250 48

201 319 304 362 tudo,
330 318 439 361 dolor,
465 318 632 360 anxietas,
656 318 774 360 timor,
799 316 933 352 similia.
983 317 1124 364 Sapiens
1150 331 1228 355 vero
1248 318 1365 354 beatus

202 399 269 439 est,
314 408 420 442 quum
452 394 681 430 moderatione
713 396 747 448 et
780 393 975 429 constantia
1010 394 1147 440 quietus
1182 396 1228 431 sit
1255 394 1366 430 animo

202 474 336 519 sibique
364 473 436 520 ipse
460 472 629 520 placatus,
661 474 702 507 ut
731 483 794 507 nec
818 470 969 507 tabescat
997 469 1163 506 molestiis
1188 484 1251 507 nec
1274 472 1366 507 fran-

202 553 304 599 gatur
344 551 467 586 timore
507 562 570 586 nec
607 549 761 585 sitienter
802 547 887 595 quid
928 549 1063 595 expetat
1101 547 1266 584 desiderio
1302 548 1365 597 (1).

153 666 156 668 v
202 627 318 662 Talem
343 628 506 674 sapientis
534 628 716 674 imaginem
741 626 966 673 pulcherrime
990 626 1152 661 describit
1176 626 1366 662 Horatius:

395 778 536 813 Justum
561 780 595 813 et
618 780 770 814 tenacem
794 778 961 825 propositi
986 778 1098 813 virum

396 855 479 890 Non
504 855 631 891 civium
661 854 759 890 ardor
788 866 890 902 prava
909 853 1121 901 jubentium,

444 931 527 966 Non
551 930 669 967 Vultus
692 931 856 966 instantis
880 931 1019 977 tyranni

491 1008 612 1043 Mente
635 1008 747 1054 quatit
772 1007 895 1050 solida,
919 1019 1027 1053 neque
1048 1007 1173 1042 Auster

394 1083 477 1117 Dux
502 1083 649 1129 inquieti
673 1083 833 1118 turbidus
858 1083 1023 1126 Hadriae,

392 1160 469 1194 Nec
492 1159 708 1199 fulminantis
732 1172 855 1206 magna
878 1172 998 1194 manus
1023 1159 1048 1193 J
1049 1160 1143 1195 ovis:

443 1235 480 1270 Si
505 1235 632 1271 fractus
657 1234 818 1271 illabatur
844 1235 952 1278 orbis,

490 1312 706 1357 Impavidum
732 1312 854 1347 ferient
877 1312 1003 1347 ruinae.
1032 1312 1095 1359 (2)

241 1630 570 1673 Animadvertimus,
596 1630 730 1664 Stoicos
756 1630 869 1665 omnia
893 1642 978 1676 quae
1002 1629 1107 1678 vulgo
1133 1631 1176 1665 ad
1196 1630 1285 1666 bona
1305 1643 1356 1666 re-

190 1712 358 1756 ferantur,
383 1715 522 1760 excepta
546 1712 617 1748 sola
643 1713 785 1756 virtute,
809 1713 873 1753 τοῖς
900 1710 1086 1763 ἀδιαφόροις
1112 1726 1355 1750 annumerasse.

189 1787 273 1822 Ideo
311 1789 505 1823 Stoicorum
539 1788 713 1823 doetrinae
749 1788 930 1823 admodum
964 1789 1169 1824 conveniens
1202 1791 1268 1832 est,
1302 1801 1355 1824 sa-

189 1864 299 1911 pienti
323 1877 421 1912 posse
441 1864 623 1911 aliquando
649 1877 783 1900 causam
809 1864 937 1908 adesse,
963 1877 1023 1901 cur
1047 1865 1120 1912 ipse
1140 1877 1202 1901 suo
1215 1865 1355 1902 arbitrio

190 1939 297 1974 vitam
322 1939 501 1987 relinquat.
552 1939 675 1975 Variae
698 1952 776 1975 cum
800 1940 928 1975 fuerint
952 1940 1146 1976 Stoicorum
1168 1942 1355 1977 sententiae

192 2017 232 2053 de
258 2018 369 2053 causis
398 2019 467 2065 (3),
493 2030 554 2053 cur
579 2019 711 2065 sapiens
736 2018 802 2053 sibi
831 2021 972 2053 mortem
994 2019 1202 2055 consciscere
1227 2020 1352 2066 possit,

224 2207 264 2241 (1)
285 2205 345 2234 Cic.
364 2207 450 2234 Tusc.
475 2206 591 2241 Quaest.
614 2206 660 2234 IV
663 2226 670 2233 .
693 2215 719 2234 c.
746 2208 790 2235 17.
810 2206 856 2234 De
881 2206 1041 2234 Stoicorum
1060 2207 1114 2234 hoc
1130 2206 1261 2242 dogmate
1271 2213 1350 2241 egre-

183 2257 230 2293 gia
249 2260 340 2285 exstat
361 2259 561 2286 commentatio
580 2258 611 2285 in
630 2259 765 2295 opusculo
780 2258 928 2287 Meinersii
949 2269 956 2286 :
986 2258 1163 2287 Vermischte
1181 2259 1353 2295 philosophi-

185 2308 250 2336 sche
270 2307 409 2336 Schriften
431 2309 473 2336 11.
501 2318 530 2345 p.
554 2312 605 2337 130
629 2318 671 2345 sq.

221 2359 262 2394 (2)
283 2359 433 2394 Horatius,
454 2359 620 2387 Carminum
639 2360 704 2388 Lib.
726 2360 773 2387 111
791 2371 798 2388 ι
813 2364 841 2388 3.

220 2410 260 2445 (3)
281 2409 364 2438 Conf.
388 2411 582 2446 Baumhauer,
602 2412 646 2439 1.l.
671 2421 699 2448 p.
724 2415 869 2440 252—256
889 2417 916 2441 et
933 2412 1010 2440 locos
1032 2413 1071 2440 ibi
1090 2413 1229 2441 laudatos.
