1524 2932
736 229 753 262 7

163 326 270 362 literis
294 327 488 372 mandabat;
513 342 732 378 magnamque
756 330 1026 365 testimoniorum
1052 328 1231 364 adhibebat
1256 341 1311 363 co-

164 403 262 450 piam.
312 403 398 439 Inde
418 406 548 453 saepius
573 407 610 442 in
631 406 702 453 ejus
724 405 859 453 seriptis
880 404 1141 441 inveniebantur
1163 404 1230 439 loci
1252 403 1313 439 ob-

165 480 271 523 scuri,
296 483 500 518 accuratiore
511 485 645 531 egentes
660 482 957 526 demonstratione,
982 485 1016 518 et
1040 481 1131 518 haud
1156 494 1229 517 raro
1242 481 1316 518 loco

167 556 279 604 aliquo
304 560 502 602 affirmabat,
527 572 610 606 quae
635 560 716 595 alibi
739 560 862 595 diserte
882 562 1070 607 negaverat.

217 941 360 984 Causae,
384 954 469 988 quae
489 941 712 978 Plutarchum
736 942 933 990 impulerint
946 942 988 977 ad
1009 942 1143 977 Stoicos
1168 944 1236 976 tam
1249 954 1324 989 gra-

170 1017 257 1053 viter
280 1017 530 1065 impugnandos
559 1031 682 1066 magna
713 1031 754 1054 ex
777 1021 871 1066 parte
903 1019 941 1054 in
977 1018 1221 1054 obtrectatione
1244 1030 1326 1064 qua-

171 1092 247 1128 dam
279 1092 478 1140 philosopha
507 1095 578 1129 sive
610 1095 647 1129 in
680 1095 754 1129 odio
786 1095 967 1140 tbeoloqico
1001 1094 1207 1140 quaerendae
1236 1097 1327 1129 sunt.

171 1167 375 1204 Plutarchus
399 1169 505 1213 enim,
529 1173 569 1205 ut
592 1173 712 1206 notum
735 1173 801 1213 est,
825 1169 979 1205 Platonis
1005 1169 1226 1205 admiratione
1244 1169 1329 1204 duc-

171 1248 243 1286 tus,
265 1256 361 1291 aegre
381 1244 521 1287 ferebat,
545 1246 637 1291 quod
661 1246 770 1280 Stoici
793 1258 864 1280 non
888 1245 1003 1280 eodem
1024 1257 1063 1280 ac
1083 1245 1183 1280 Plato
1204 1245 1330 1280 honore

172 1323 450 1367 prosequerentur
483 1321 577 1365 deos,
601 1321 660 1357 sed
693 1334 749 1357 eos
778 1322 816 1357 in
836 1321 989 1369 physicis
1010 1322 1121 1369 parvi,
1146 1322 1184 1357 in
1209 1321 1331 1357 ethicis

173 1395 302 1429 nullius
319 1396 387 1430 fere
403 1396 551 1431 facerent
570 1398 742 1431 momenti.
791 1397 883 1431 Dein
903 1397 1072 1432 neminem
1088 1396 1186 1439 latet,
1199 1397 1332 1431 Stoicos

173 1472 211 1507 in
236 1483 275 1507 eo
295 1484 395 1519 quam
423 1472 568 1508 maxime
588 1485 607 1508 a
640 1472 828 1509 Platonicis
860 1472 1007 1516 differre,
1031 1472 1124 1520 quod
1148 1474 1261 1509 onmia
1281 1485 1332 1508 re-

176 1555 301 1590 ferrent
339 1554 382 1590 ad
418 1555 509 1591 vitae
541 1555 708 1590 actionem
745 1555 816 1590 sive
852 1551 991 1603 πρᾶξιν,
1029 1565 1134 1600 quum
1163 1552 1333 1588 Platonici

174 1637 318 1672 maxime
343 1636 619 1684 contemplationi
640 1637 711 1672 sive
732 1636 847 1686 θεωρίᾳ
872 1648 1004 1683 operam
1026 1635 1152 1671 darent.
1178 1634 1335 1681 Denique

177 1712 362 1759 probabile,
382 1711 604 1746 Plutarchum
628 1724 647 1746 a
671 1712 797 1747 Stoicis
816 1712 870 1746 sui
893 1711 1052 1758 temporis
1073 1710 1217 1757 quodam
1234 1710 1335 1745 modo

177 1788 384 1836 exagitatum
409 1788 528 1832 fuisse,
553 1791 653 1835 atque
672 1788 754 1824 inde
773 1788 1006 1836 explicandam
1026 1801 1097 1824 esse
1121 1788 1335 1824 acerbitatem

178 1864 287 1907 illam,
311 1876 377 1911 qua
398 1865 436 1899 in
460 1865 618 1911 antiquos
644 1864 778 1899 Stoicos
802 1864 985 1900 invehitur.

227 1941 407 1989 Quidquid
433 1944 500 1985 est,
524 1941 745 1977 Plutarchum
774 1954 845 1977 non
870 1954 972 1988 aeque
995 1945 1030 1977 et
1054 1941 1199 1989 placide,
1223 1954 1338 1988 quem-

180 2019 359 2055 admodum
388 2032 464 2055 eum
498 2019 608 2063 decet,
641 2020 700 2066 qui
734 2020 806 2067 agit
836 2019 877 2054 de
901 2021 1098 2067 argumento
1123 2018 1338 2066 philosopho,

180 2096 373 2132 Stoicorum
397 2095 524 2143 placita
553 2096 771 2143 dijudicasse,
795 2108 951 2143 eumque,
975 2096 1057 2131 licet
1085 2108 1142 2131 eos
1171 2109 1241 2131 non
1266 2109 1340 2132 raro

179 2177 270 2210 recte
300 2173 564 2221 reprehenderit,
589 2174 780 2220 saepissime
803 2176 931 2216 tamen,
955 2172 1048 2219 quod
1076 2172 1339 2207 adversariorum

181 2232 456 2288 ratiocinationes
488 2264 557 2286 non
587 2253 676 2286 recte
704 2250 923 2298 intelligeret,
947 2250 1064 2296 inique
1092 2261 1148 2284 eos
1177 2250 1339 2296 perstrin-

183 2331 291 2373 xisse,
328 2330 505 2365 manifesto
548 2332 700 2376 apparet3
738 2328 829 2375 quod
863 2329 899 2363 in
933 2330 1066 2363 nostrae
1101 2326 1341 2374 disputationis

183 2410 276 2454 parte
301 2406 462 2449 secunda,
487 2407 524 2443 ni
549 2406 712 2449 fallimur,
738 2405 961 2454 probabimus.
