1524 2932
752 200 795 232 10

239 305 379 346 Seneca,
413 303 488 350 qui,
521 303 592 349 ipsc
619 302 811 337 Stoicorum
841 305 950 337 sectae
981 302 1187 350 adscriptus,
1222 305 1353 351 saepius

189 381 300 416 lucem
325 381 421 415 affert
454 378 684 425 antiquiorum
709 378 854 426 placitis.

238 533 269 568 E
293 531 538 568 recentioribus
558 543 636 579 prae
656 530 813 566 omnibus
837 528 1064 565 nominandus
1085 531 1137 564 est
1169 530 1209 564 F.
1236 531 1283 566 N.
1314 535 1353 566 G.

191 613 343 657 Baquet,
370 610 467 656 cujus
496 611 606 644 exstat
636 608 874 643 commentatio
894 607 933 643 in
954 606 1133 642 annalibus
1155 607 1355 643 Academiae

190 686 430 728 Lovaniensis‚
465 697 491 719 a.
524 685 781 727 1820—1821,
813 684 851 719 in
876 696 942 730 qua
963 683 1161 731 Chrysippi,
1186 695 1272 730 quae
1297 697 1355 720 su-

190 764 346 811 persunt,
370 762 558 809 fragmenta
578 760 720 796 collecta
744 764 835 796 sunt.

241 839 337 874 Inter
357 838 537 885 scriptores
562 837 724 872 historiae
743 836 982 884 philosophiae
1002 838 1127 873 eminet
1151 838 1355 873 Penneman-

191 928 255 950 nus
283 915 336 961 (Τ.
355 915 445 961 IV),
470 915 628 960 quinon,
653 918 693 949 ut
705 914 843 960 reliqui,
867 913 1017 960 plurium
1026 914 1219 949 Stoicorum
1230 913 1356 961 placita

192 992 404 1040 permiscuit,
429 990 488 1026 sed
518 989 731 1038 singulorum
758 990 947 1027 doctrinam
972 989 1174 1038 singulatim
1187 990 1355 1038 exposuit.

241 1069 434 1104 Stoicorum
456 1068 671 1113 antiquorum
693 1070 727 1103 et
747 1068 949 1103 nominatim
970 1067 1154 1115 Chrysippi
1168 1067 1356 1103 doctrinam

196 1147 237 1182 (le
268 1146 425 1182 libertate
457 1145 644 1181 voluntatis
678 1146 835 1193 exposuit
868 1145 970 1181 Doct.
1004 1148 1050 1182 D.
1088 1149 1123 1182 C.
1156 1146 1282 1194 Pleyte
1321 1147 1358 1181 in

198 1224 434 1259 dissertatione
453 1222 632 1265 litteraria,
657 1221 836 1258 exhibente
854 1223 1043 1270 praecipua
1059 1223 1197 1270 placita
1213 1227 1361 1259 veterum

198 1300 480 1347 Philosophorum
512 1301 553 1335 de
589 1300 743 1335 libertate
775 1300 896 1335 morali
920 1301 965 1347 (p.
988 1303 1032 1336 86
1055 1302 1136 1348 sq.),
1161 1301 1252 1337 edita
1276 1301 1360 1337 Tra-

193 1377 279 1424 jeoti
304 1376 347 1411 ad
371 1375 530 1411 Rhenum
552 1389 579 1411 a.
612 1377 715 1411 1839.

246 1452 393 1487 Zenonis
426 1453 582 1497 doymata
614 1453 655 1486 de
691 1453 923 1498 conjunctione
955 1453 1095 1487 virtutis
1119 1457 1152 1487 et
1161 1453 1360 1499 solicitatis

197 1528 355 1576 exposuit
380 1530 413 1563 et
438 1527 642 1575 dijudicavit
672 1530 711 1563 G.
733 1527 883 1575 Delprat
903 1528 941 1562 in
962 1527 1141 1564 annalibus
1162 1528 1362 1564 Academiae

198 1605 553 1653 Lugduno-Batavae,
583 1617 610 1640 a.
643 1606 892 1640 1821—1822.

245 1683 382 1719 Praeter
407 1681 470 1717 hos
496 1681 654 1717 consului
680 1682 997 1718 commentationem
1017 1682 1120 1719 Doct.
1147 1684 1199 1719 M.
1226 1684 1279 1719 M.
1296 1697 1363 1719 van

200 1761 433 1801 Baumbauer,
478 1759 631 1793 Veterum
660 1760 933 1805 pbilosophorum
961 1760 1146 1806 praecipue
1179 1761 1363 1795 Stoicorum

200 1836 386 1870 doctrinam
418 1836 460 1869 de
492 1838 595 1869 morte
627 1835 822 1869 voluntaria
855 1834 1088 1882 explicantem.
1139 1835 1287 1882 Trajecti
1322 1836 1363 1870 ad

202 1911 379 1953 Rhenum,
400 1924 427 1945 a.
456 1912 559 1945 1842.
600 1943 602 1945 ,
