1524 2932
105 1957 119 1977 4

748 214 791 246 19

187 326 243 349 sae
266 325 358 356 vern,
392 325 483 357 cum,
517 327 555 350 eo
579 317 751 358 monente,
783 314 866 350 aliae
889 317 1024 351 tantum
1048 315 1119 350 sint
1144 315 1339 362 adjuvantes

186 390 259 425 sive
281 390 465 436 proximae,
497 391 546 426 ita
568 390 756 426 libertatem
781 390 968 425 voluntatis
991 390 1156 432 defendit,
1189 393 1229 425 ut
1253 401 1339 424 non-

185 466 254 502 nisi
286 466 330 502 iis
360 468 583 504 assensionem
610 470 760 503 nostram
786 468 988 503 commoveri
1009 469 1152 510 statuat,
1177 469 1211 502 et
1228 466 1339 503 visum

186 543 373 590 imprimere
392 544 527 592 quidem
543 544 712 590 objectum
737 547 770 578 et
791 544 888 591 quasi
913 544 1046 590 signare
1058 544 1095 578 in
1118 544 1229 578 animo
1246 555 1339 577 suam

184 620 340 667 speciem,
365 620 423 656 sed
443 620 667 656 assensionem
684 620 721 655 in
742 622 858 656 nostra
875 631 946 655 esse
957 622 1122 670 potestate
1136 620 1200 666 (1).
1250 617 1337 658 Qui-

184 696 247 733 bus
280 696 364 746 quid
396 696 478 734 velit
510 708 580 731 non
603 696 775 745 intelligo,
799 697 867 732 nisi
893 696 1023 746 aliquid
1045 697 1082 732 in
1107 696 1243 732 homine
1268 699 1337 731 sta-

183 775 275 817 tuas,
299 774 391 822 quod
416 774 528 820 ipsum
553 786 572 808 a
601 786 775 810 causarum
804 775 888 810 serie
911 778 1076 811 remotum
1097 788 1116 810 a
1133 775 1243 810 causis
1260 774 1336 809 istis

183 849 423 897 adjuvantibus
451 849 656 897 impellatur,
690 849 812 898 cuique
836 861 954 885 causae
982 850 1066 885 istae
1089 851 1260 897 proximae
1283 861 1336 884 ce-

180 928 262 962 teris
286 927 456 973 propiores
478 926 643 962 dicantur.
694 926 772 962 Hoc
796 939 875 963 vero
888 929 1035 974 accepto,
1058 927 1168 963 inesse
1181 926 1336 962 concedi-

182 1004 239 1037 tur
262 1002 300 1037 in
313 1000 450 1037 homine
461 1001 603 1038 facultas
617 1001 778 1050 quaedam
791 1002 832 1038 ab
845 1003 938 1038 omni
950 1003 1149 1038 necessitate
1161 1003 1338 1044 immunis,

181 1081 215 1114 et
239 1079 346 1113 fatum
368 1078 549 1125 Chrysippi
574 1079 836 1124 (indeclinabilis
849 1079 908 1114 illa
919 1091 1029 1114 rerum
1043 1080 1145 1114 series
1155 1083 1189 1114 et
1202 1081 1334 1124 catena)

181 1153 325 1190 tollitur.

230 1230 407 1266 Fateamur
440 1231 562 1278 igitur,
596 1230 738 1266 inducta
771 1243 946 1266 causarum
981 1231 1203 1266 distinctione
1228 1230 1338 1276 Chry—

182 1307 329 1355 sippeam
353 1307 516 1342 rationem
541 1306 606 1342 sibi
631 1319 701 1342 non
727 1319 911 1355 congruere
935 1309 969 1342 et
992 1310 1082 1342 recte
1103 1306 1144 1342 de
1167 1306 1227 1342 illo
1243 1307 1338 1354 judi-

180 1396 272 1420 casse
304 1383 499 1419 Ciceronem
525 1397 531 1418 :
560 1384 631 1419 uAt
663 1383 748 1419 mihi
782 1383 918 1432 quidem
952 1383 1103 1426 videtur,
1142 1396 1218 1418 cum
1252 1383 1337 1418 duae

179 1460 365 1495 sententiae
383 1459 528 1494 fuissent
549 1462 698 1495 veterum
719 1459 1011 1507 philosophorum,
1036 1472 1105 1495 una
1122 1472 1250 1503 eorum,
1275 1461 1335 1508 qui

178 1538 352 1572 censerent
376 1536 489 1570 omnia
512 1535 561 1570 ita
585 1536 655 1571 fato
680 1536 768 1578 fieri,
792 1539 832 1571 ut
856 1536 893 1571 id
918 1536 1028 1571 fatum
1041 1536 1110 1571 vim
1122 1534 1333 1571 necessitatis

179 1614 323 1655 afferret3
349 1611 451 1647 altera
475 1623 604 1654 eorum,
629 1611 754 1659 quibus
777 1612 971 1647 viderentur
993 1613 1066 1647 sine
1086 1612 1157 1647 ullo
1179 1613 1248 1647 fato
1265 1625 1335 1647 esse

178 1690 365 1725 animorum
396 1690 508 1724 motus
533 1687 733 1732 voluntarii3
768 1688 993 1736 Chrysippus,
1025 1691 1186 1736 tanquam
1211 1688 1334 1724 arbiter

176 1766 389 1808 honorarius,
413 1764 560 1799 medium
585 1765 683 1799 ferire
703 1764 851 1800 voluisse
877 1778 884 1799 ;
911 1765 969 1800 sed
990 1764 1136 1811 applicat
1158 1778 1193 1800 se
1214 1765 1255 1800 ad
1276 1778 1332 1801 eos

176 1843 306 1890 potius,
339 1829 406 1889 qui
429 1841 629 1876 necessitate
660 1842 773 1876 motus
808 1841 995 1876 animorum
1019 1840 1177 1876 liberatos
1202 1842 1332 1877 volunt.

175 1920 269 1955 Dum
298 1921 408 1954 autem
432 1917 543 1953 verbis
567 1918 678 1953 utitur
703 1918 790 1961 suis,
819 1917 986 1954 delabitur
1010 1918 1047 1953 in
1071 1930 1125 1953 eas
1151 1917 1332 1954 difficulta-

174 1998 240 2037 tes,
265 1997 305 2030 ut
329 1994 560 2029 necessitatem
584 1994 647 2029 fati
670 1994 846 2030 confirmet
870 1994 1031 2030 invitus.''
1058 1995 1111 2042 (2)

212 2153 251 2187 (1)
271 2152 369 2180 Cicero
388 2153 422 2180 de
441 2153 526 2185 Fato,
548 2162 572 2179 c.
597 2156 649 2184 18,
670 2156 714 2180 19.

210 2205 250 2239 (2)
271 2203 315 2231 De
332 2203 421 2237 Fato,
441 2212 465 2230 c.
492 2205 533 2231 17.

1175 2478 1228 2510 ,ἐζ-Ἀ
