1524 2932
761 203 856 255 36*

245 330 289 365 In
324 332 377 366 τοῦ
404 329 522 379 φαύλου
555 331 590 365 et
622 331 676 364 τοῦ
703 329 798 378 σόφου
822 329 972 377 imagine
996 329 1228 367 adumbrantia
1252 330 1361 367 Stoici

195 419 327 443 summo
360 407 476 443 studio
508 406 547 442 id
571 408 730 454 egerunt,
754 408 794 441 ut
818 404 917 441 illum
941 405 1100 442 omm'bus
1124 407 1222 444 vitiis
1245 419 1361 444 macu-

194 483 302 519 latum
331 486 571 531 proponerent,
595 482 689 518 hunc
710 495 788 518 vero
813 482 971 518 omnibus
996 485 1154 519 ornatum
1173 484 1362 521 virtutibus

194 564 237 601 ad
258 564 390 601 coelum
413 577 521 614 usque
545 563 754 600 extollerent.
804 563 908 604 Quod
930 563 972 599 ad
997 562 1055 600 τὸν
1076 562 1194 614 φαῦλον
1219 565 1360 608 attinet,

197 642 286 677 conf.
307 642 465 688 inprimis
489 641 665 676 Ciceronis
687 639 887 676 Paradoxon
910 640 991 684 1V.;
1018 642 1144 676 ceteros
1164 640 1258 676 locos
1271 641 1363 677 anti-

194 729 339 764 quorum
357 716 567 765 collegerunt
591 716 748 764 Lipsius,
773 715 977 752 Manuduct.
1001 717 1063 752 m
1088 730 1095 751 :
1123 718 1168 752 20
1188 719 1222 752 et
1234 716 1361 753 Baum-

194 792 299 828 hauer
310 793 356 828 l.l.
369 805 401 840 p.
416 794 486 829 178
501 805 550 841 sq.
575 792 694 841 Digna
706 796 773 836 est,
797 805 883 841 quae
894 792 1045 841 legatur,
1069 794 1247 842 ingeniosa
1257 792 1361 841 hujus

193 870 313 918 placiti
338 871 532 918 saepissime
555 871 720 918 exagitati
745 870 911 914 defensio,
936 883 1037 919 quam
1069 870 1206 907 exhibet
1235 871 1363 906 Seneca

195 946 253 993 (de
273 946 388 982 Benef.
410 946 475 982 IV.
497 958 525 981 c.
548 949 611 989 26,
638 947 709 994 27.)
737 946 910 982 subtiliter
927 946 1143 994 distinguens
1156 946 1257 990 vitia,
1277 958 1364 995 quae

193 1027 288 1065 sunt,
314 1025 347 1057 et
373 1035 459 1070 quae
479 1026 615 1057 exstant
636 1024 674 1057 in
696 1023 768 1058 vita
793 1036 800 1057 z
829 1023 988 1058 nStultus
1010 1024 1124 1058 omnia
1143 1023 1229 1058 vitia
1245 1022 1363 1066 habet,

192 1098 251 1134 sed
280 1111 351 1134 non
375 1098 413 1133 in
443 1099 558 1134 omnia
586 1100 712 1134 natura
740 1111 869 1146 pronus
898 1101 965 1144 est3
992 1099 1079 1135 alius
1108 1099 1147 1135 in
1171 1098 1362 1143 avaritiam,

193 1175 281 1210 alius
306 1176 344 1211 in
369 1175 555 1218 luxuriam,
581 1175 668 1211 alius
693 1176 731 1211 in
755 1176 980 1223 petulantiam
1004 1176 1201 1212 inclinatur.
1238 1177 1363 1227 Itaque

192 1255 306 1288 errant
335 1252 388 1288 illi
419 1253 479 1301 qui
504 1253 717 1300 interrogant
743 1252 879 1288 Stoicos
905 1266 912 1287 :
938 1252 1035 1292 Quid
1055 1252 1157 1301 ergo?
1208 1252 1361 1288 Achilles

191 1329 336 1366 timidus
358 1329 432 1364 est?
483 1328 654 1364 Aristides
675 1328 848 1375 injustus?
875 1328 949 1364 alia.
999 1328 1083 1364 Non
1107 1328 1173 1364 hoc
1199 1328 1360 1371 dicimus,

191 1408 242 1443 sic
271 1406 386 1442 omnia
415 1406 502 1442 vitia
530 1417 601 1441 esse
629 1405 668 1440 in
693 1405 867 1449 omnibus,
900 1405 1069 1453 quomodo
1093 1406 1131 1441 in
1157 1405 1359 1454 quibusdam

192 1483 330 1531 singula
355 1483 521 1525 eminent;
548 1482 608 1517 sed
629 1482 756 1517 malum
779 1495 818 1517 ac
839 1482 985 1518 stultum
1005 1482 1102 1517 nullo
1125 1483 1211 1518 vitio
1234 1495 1360 1519 vacare.

190 1560 268 1597 Nec
298 1560 458 1596 audacem
491 1558 628 1608 quidem
660 1559 794 1595 timoris
825 1559 1048 1603 absolvimus,
1084 1572 1147 1595 nee
1179 1560 1360 1608 prodigum

189 1636 328 1685 quidem
353 1635 495 1672 avaritia
521 1634 733 1671 liberamus.''
782 1634 829 1670 Et
853 1647 954 1683 porro
980 1648 987 1670 ε
1015 1635 1164 1671 nOmnia
1188 1636 1227 1671 in
1248 1636 1359 1672 omni-

188 1713 254 1750 bus
279 1714 365 1750 vitia
391 1716 488 1757 sunt,
514 1713 573 1749 sed
597 1726 668 1748 non
693 1713 807 1749 omnia
827 1714 866 1749 in
888 1714 1035 1762 singulis
1056 1717 1201 1750 exstant.
1251 1715 1359 1751 Hunc

188 1792 312 1826 natura
336 1789 379 1825 ad
404 1789 580 1825 avaritiam
604 1789 750 1836 impellit
777 1803 783 1824 :
809 1788 867 1825 hic
890 1789 1045 1834 libidini,
1070 1789 1128 1826 hic
1154 1791 1236 1827 vino
1262 1791 1357 1827 dedi-

189 1870 249 1902 tus
279 1870 345 1910 est,
379 1868 439 1902 aut
465 1866 494 1901 si
519 1865 674 1901 nondmn
704 1866 855 1910 demtus,
888 1868 938 1902 ita
962 1868 1142 1911 formatus,
1166 1871 1207 1904 ut
1231 1869 1270 1904 in
1293 1868 1358 1905 hoc

191 1943 292 1979 illum
312 1955 420 1978 mores
443 1943 497 1978 sui
519 1943 659 1977 ferant.''
689 1942 819 1978 Eodem
842 1943 959 1986 modo,
980 1944 1018 1979 ni
1038 1943 1203 1988 fallimur,
1223 1945 1358 1992 probari

193 2017 323 2061 posset,
347 2015 385 2048 in
410 2013 569 2048 omnibus
594 2025 710 2047 omnes
735 2013 849 2048 adesse
874 2007 1030 2049 'virtutes

245 2084 290 2126 ‘O
317 2090 409 2139 σόφος
442 2087 630 2124 seeundum
654 2100 710 2124 eos
735 2088 892 2124 omnibus
918 2088 1106 2124 virtutibus
1132 2092 1183 2125 est
1207 2090 1357 2126 instruc-

190 2176 268 2216 tus,
305 2174 357 2208 est
395 2172 564 2221 φρόνιμος,
603 2167 751 2220 δίκαιος,
790 2168 958 2222 ἀνδρεῖος,
1000 2172 1157 2223 σώφρων,
1202 2170 1356 2222 βέβαὶος,

191 2258 314 2296 πάντας
342 2249 376 2291 εὖ
405 2256 505 2302 ποιεῖ,
545 2267 673 2302 semper
706 2256 760 2290 sui
794 2255 916 2291 similis
950 2258 1011 2291 est.
1061 2256 1259 2303 Numquam
1284 2268 1359 2291 eum

190 2333 296 2369 ullius
320 2332 403 2368 facti
428 2332 594 2379 poenitet,
631 2344 740 2380 neque
769 2344 929 2380 umquam
954 2331 1109 2367 emendat
1139 2331 1231 2379 quod
1260 2331 1359 2376 feeit,

188 2428 250 2451 nec
286 2417 398 2449 mutat
432 2414 622 2449 consilium.
684 2409 728 2448 ‘O
760 2414 851 2462 σόφος
878 2417 998 2462 πρᾶος,
1032 2413 1184 2459 ἡσύχιος,
1213 2413 1358 2461 κόσμιος,
