1524 2932
730 195 772 229 57

173 295 330 330 inutilem
357 296 419 343 (1).
468 297 703 333 Necessarium
725 311 731 331 2
770 309 808 332 ea
836 298 926 332 enim
959 298 1107 340 sublata,
1140 298 1236 333 locus
1261 298 1322 334 ho-

173 374 271 407 1185110
295 384 363 408 11011
387 373 487 418 foret;
512 386 579 421 quo
600 377 699 421 pacto
731 386 757 409 e.
782 386 815 421 g.
838 374 975 421 justitia
1004 377 1118 422 posset
1142 386 1227 418 0550,
1257 374 1326 410 11151

174 449 270 484 100115
287 453 373 486 esset
388 451 554 497 injuriae?
580 450 775 497 prudentia,
800 450 869 483 nisi
889 450 976 484 foret
993 452 1112 484 contra
1131 450 1327 496 impruden-

173 526 245 563 tia?
267 532 329 563 etc.
378 527 461 563 Non
481 526 639 562 inutilem
662 539 668 561 :
694 524 786 573 quod
807 525 896 561 enim
917 523 999 560 huic
1020 524 1115 561 illive
1135 537 1254 561 nocere
1275 525 1327 561 vi-

120 645 122 647 ,
174 603 286 648 detur,
309 606 400 640 recte
420 616 455 639 se
474 602 575 638 habet
598 602 729 638 ratione
753 603 914 639 universi.
963 602 1100 637 Diserte
1119 601 1201 637 haec
1219 614 1327 637 enun-

173 680 276 716 ciavit
301 665 511 727 Chrysippus
531 679 615 714 locis
645 692 664 714 a
693 678 878 715 Plutarcho
899 678 1011 714 allatis
1037 692 1044 713 :
1073 678 1250 714 nadversas
1275 691 1326 714 res

175 757 264 793 dixit
297 756 478 803 aliquando
508 756 640 792 evenire
668 756 783 799 bonis,
813 768 883 790 non
920 756 970 790 510
1003 758 1044 790 ut
1083 755 1180 790 malis
1204 767 1328 802 poenae

170 852 285 882 causa,
322 839 380 874 sed
417 838 602 873 secundum
638 837 738 872 aliam
775 837 1059 883 dispensationem
1098 832 1325 883 (οἰκονομίαν),

114 945 117 948 -
170 920 279 967 qualis
297 923 348 956 est
360 921 398 955 in
411 919 638 955 civitatibus.''
664 918 886 965 Comparatur
898 918 1006 966 igitur
1020 918 1139 953 mundi
1165 917 1325 966 οἰκονομία

171 1013 248 1036 011111
273 1000 377 1044 πόλει,
406 1001 467 1036 ubi
487 1001 705 1048 magistratus
727 1012 805 1047 prae
829 999 986 1035 omnibus
1007 999 1211 1046 reipublicae
1232 1012 1326 1047 spec-

169 1080 246 1113 tant
263 1077 420 1121 salutem,
432 1078 563 1112 etiamsi
572 1076 738 1112 nonnulla
751 1078 963 1112 constituant
975 1075 1177 1123 quibusdam
1190 1077 1325 1124 ingrata

167 1161 240 1197 sive
262 1161 374 1196 noxia.
438 1160 689 1203 vTribmmtm,
726 1160 837 1207 pergit
873 1158 1101 1207 Chrysippus,
1137 1158 1224 1194 mala
1248 1158 1325 1209 πρὸς

165 1242 218 1278 τὸν
245 1245 299 1278 τοῦ
326 1242 400 1282 Διὸς
415 1241 522 1290 λόγον,
551 1243 622 1278 sive
634 1241 794 1288 supplicii
808 1254 923 1284 causa,
947 1240 967 1279 ἢ
995 1236 1065 1276 κατ’
1096 1239 1198 1281 ἅὶλην
1221 1242 1325 1288 ἔχου-

164 1336 225 1360 σαν
251 1337 318 1364 πως
345 1322 422 1374 πρὸς
448 1323 490 1359 τὰ
518 1322 578 1358 ὅλα
606 1318 819 1371 οἷκονομίαν.”
871 1323 963 1358 Dein
987 1322 1100 1358 locum
1124 1324 1219 1359 affert
1238 1322 1324 1358 Plu-

163 1404 317 1448 tarchus,
349 1405 410 1441 ubi
437 1404 647 1452 Chrysippus
680 1405 737 1444 τὴν
765 1405 880 1441 κακίαν
913 1406 1073 1441 enunciat
1097 1405 1237 1455 γίνεσθαι
1265 1404 1321 1441 καὶ

163 1486 261 1525 αὐτὴν
293 1500 359 1527 πως
392 1487 476 1523 κατὰ
510 1486 563 1522 τὸν
596 1491 650 1528 τῆς
677 1487 796 1536 φύσεως
822 1487 934 1536 λόγον,
966 1486 1021 1523 καὶ
1054 1487 1111 1523 οὐκ
1148 1488 1322 1538 ἀχρήστως

163 1567 239 1618 πρὸς
266 1568 309 1604 τὰ
338 1567 414 1615 ὅλα,
442 1569 511 1603 οὔτε
532 1568 598 1617 γὰρ
616 1567 725 1616 ἀγαθοὶ
742 1566 792 1607 ἦν.
828 1569 903 1604 Ι1110
924 1568 1135 1617 Chrysippus
1156 1582 1195 1605 80
1215 1582 1322 1616 usque

161 1649 329 1699 procedit,
353 1651 393 1685 ut
426 1643 545 1685 κακίαν
576 1648 709 1685 καθόλου
748 1646 825 1699 ἆραι
864 1651 933 1687 οὔτε
968 1648 1103 1687 δυνατόν
1136 1649 1216 1687 εἶναι
1250 1652 1319 1688 οὔτε

160 1732 265 1772 καλῶς
294 1731 427 1780 ἀρθῆναι
454 1710 624 1767 statueret.

209 1807 312 1843 Plura
329 1806 423 1842 hisce
442 1807 575 1853 reponit
595 1806 809 1842 Plutarchus.
834 1807 948 1855 Rogat
960 1808 1129 1854 quomodo
1140 1808 1222 1844 haec
1236 1821 1317 1844 con-

161 1884 300 1920 veniant
325 1895 402 1918 011111
416 1882 480 1918 1100
494 1882 676 1930 Chrysippi
697 1883 823 1930 placito
846 1897 852 1918 ε
881 1884 1003 1919 adeum
1016 1886 1137 1931 punire
1149 1884 1272 1920 scelera
1284 1889 1318 1921 et

159 1959 268 1995 multa
291 1960 399 1995 facere
421 1959 670 2007 puniendorum
693 1959 857 1995 malorum
877 1960 1002 2008 gratia,
1027 1963 1061 1995 et
1085 1972 1136 1996 res
1164 1961 1318 1997 adversas

158 2036 289 2072 evenire
313 2035 410 2070 malis
429 2047 553 2083 poenae
572 2038 701 2071 causa.''
747 2036 842 2071 Num
861 2037 970 2084 igitur
982 2040 1119 2084 peccata
1132 2037 1316 2074 secundum

158 2113 182 2149 J
183 2114 256 2150 ovis
281 2114 443 2148 rationem
466 2113 567 2148 simul
592 2113 821 2150 admittuntur
841 2117 875 2150 et
891 2115 1083 2162 puniuntur
1098 2116 1174 2163 (2)?
1226 2117 1316 2152 Dein

192 2282 231 2316 (1)
252 2280 337 2309 Conf.
366 2283 482 2310 omnino
507 2282 601 2310 Aulus
630 2282 748 2310 Gellius.
770 2283 809 2310 N.
829 2283 869 2310 A.
890 2283 945 2317 VI,
965 2284 990 2310 Ι.
1012 2284 1059 2311 ubi
1082 2284 1231 2320 Chrysippi
1251 2293 1314 2312 sen-

156 2332 243 2359 tentia
261 2332 296 2361 de
313 2333 476 2362 necessitate
494 2333 563 2361 mali
582 2333 696 2361 uberius
711 2334 838 2369 exposita
857 2338 908 2362 est.

191 2384 231 2418 (2)
251 2384 432 2421 Perspicuum
452 2389 494 2413 est
517 2384 707 2421 Chrysippum
726 2386 779 2413 hoc
797 2386 920 2414 voluisse
945 2396 951 2412 ε
977 2386 1044 2413 vitia
1066 2387 1137 2414 fiunt
1159 2388 1312 2415 secundum
