1524 2932
238 902 344 940 Quum
371 901 558 935 studiorum
582 913 724 935 meorum
758 913 874 936 cursus
909 913 945 935 eo
975 914 1024 935 me
1050 900 1282 947 perduxisset,
1307 904 1346 934 ut

184 979 225 1012 de
249 978 487 1014 dissertatione
512 978 746 1012 conscribenda
771 978 964 1022 coqitarem‚
984 978 1131 1023 prim-um
1156 977 1240 1011 mihi
1263 988 1344 1023 pro-

177 1065 371 1100 posueram,
408 1053 568 1088 Ethicam
606 1053 789 1089 Stoicorum
822 1053 1009 1088 doctrinam
1033 1054 1153 1101 aliqua
1178 1065 1219 1088 ea·
1243 1056 1344 1099 parte

181 1131 384 1177 dili-centius
405 1143 573 1177 exponere.
624 1130 781 1166 Habebat
807 1130 895 1165 enim
915 1130 984 1165 illa
1004 1130 1115 1165 nescio
1136 1129 1233 1176 quid,
1258 1129 1347 1175 quod

180 1219 279 1254 quam
311 1207 454 1242 manime
490 1207 575 1242 mihi
604 1207 772 1254 placebat.
835 1206 990 1242 Excellit
1033 1209 1194 1241 accurata
1234 1205 1343 1240 notio-

180 1295 260 1317 num
292 1283 523 1329 verborumque
552 1283 785 1325 distinctione,
815 1282 1019 1317 commendat
1044 1294 1080 1317 se
1105 1281 1344 1328 coqitationum

178 1360 413 1405 consequentia
450 1363 483 1393 et
520 1360 719 1401 severitate,
766 1359 848 1394 adeo
884 1364 939 1401 ut,
975 1360 1007 1393 si
1040 1371 1114 1393 cum
1137 1358 1343 1404 reliquarum

176 1439 342 1471 sectarum
374 1435 496 1471 ethicis
528 1435 692 1471 doctrinis
725 1439 948 1483 comparetur,
974 1439 1142 1482 tamquam
1166 1433 1282 1469 virilis
1307 1437 1340 1467 et

176 1516 311 1546 matura
337 1512 426 1546 inter
450 1512 596 1557 juvenes
621 1524 692 1546 esse
716 1512 880 1546 videatur.
935 1512 1102 1549 Quantam
1125 1522 1201 1545 vero
1225 1510 1339 1544 eadem

174 1586 212 1620 in
245 1586 319 1621 vita
352 1590 422 1621 tum
459 1588 658 1622 Graecorum
695 1590 766 1622 tum
800 1587 1024 1623 Romanorum
1060 1590 1130 1622 tam
1165 1585 1339 1633 publicam

174 1675 273 1708 quam
288 1663 461 1708 privatam
482 1662 636 1697 habuerit
657 1664 904 1709 efficacitatem,
916 1664 1060 1697 historia
1080 1663 1167 1696 satis
1180 1665 1336 1696 testatur.

172 1738 323 1773 Labente
346 1738 426 1784 jam
451 1738 675 1773 Romanorum
699 1738 838 1786 imperio
871 1742 904 1774 et
933 1741 1153 1774 marcescente
1181 1737 1334 1784 philoso-

167 1815 273 1860 phiae
297 1814 425 1855 studio,
452 1815 635 1848 Stoicorum
656 1815 809 1849 doctrina
830 1816 891 1849 diu
912 1816 1021 1849 adhuc
1041 1815 1166 1860 viquit,
1191 1817 1223 1847 et
1232 1826 1334 1859 prae-

171 1890 392 1932 stantissimi,
417 1902 497 1937 quos
522 1890 630 1925 Roma
651 1903 804 1926 corruens
825 1892 909 1926 tulit
930 1892 1034 1933 viros,
1056 1892 1188 1926 Stoicae
1201 1891 1333 1926 scholae

160 1967 271 2011 fuere
296 1967 431 2001 aemuli.

219 2042 364 2077 Zenonis
401 2046 512 2078 autem
546 2047 579 2078 et
618 2045 799 2092 Chrysippi
826 2046 963 2092 placita
991 2046 1222 2092 perscrutanti
1250 2045 1332 2079 liber

168 2118 252 2153 mihi
277 2118 314 2153 in
335 2131 453 2154 manus
474 2120 566 2155 venit
587 2120 773 2158 Plutarchi
794 2121 834 2158 de
855 2122 1047 2158 Stoicorum
1069 2122 1330 2170 Repugnantiis.

167 2196 271 2231 Hunc
309 2196 429 2231 librum
463 2197 588 2243 leyenti
611 2200 695 2234 mihi
719 2201 895 2235 videbatur
919 2201 1055 2247 saepius
1080 2200 1265 2235 Plutarchi
1289 2200 1330 2234 de

166 2273 396 2319 antiquorum,
435 2274 616 2322 Chrysippi
644 2278 860 2325 praesertim,
888 2277 1035 2324 placitis
1058 2277 1232 2323 judicium
1261 2289 1327 2322 pu-

160 2362 264 2395 ynare
289 2354 321 2385 et
347 2363 418 2385 cum
445 2351 545 2397 ipsis,
579 2366 664 2399 quae
689 2355 806 2400 affert,
832 2355 934 2400 hujus
966 2355 1171 2395 enunciatis,
1197 2358 1228 2387 et
1254 2366 1326 2387 cum
