1524 2932
763 256 809 290 40

215 363 347 408 noscam
375 359 478 406 deqas
509 359 616 394 vitam
642 357 715 405 (l)!
767 356 999 393 Pulcherrime
1030 357 1113 394 haec
1148 360 1238 395 inter
1274 370 1310 394 se
1338 358 1377 393 in

213 436 407 471 Stoicorum
437 434 593 470 doctrina
614 434 806 477 concinere,
830 434 908 480 quis
929 446 1001 469 non
1020 434 1137 470 videt?
1159 456 1161 458 -
1188 435 1247 471 Ad
1267 447 1374 471 unum

214 513 423 561 principium
444 515 478 548 et
499 512 610 549 virtus
622 514 657 548 et
678 524 846 548 summum
858 510 988 547 bonum
1004 511 1219 547 refenmtur:
1244 514 1377 549 utrum·-

212 603 278 636 que
301 590 391 626 nihil
424 593 476 626 est
500 589 594 625 aliud
622 589 692 625 nisi
718 602 796 624 cum
820 591 943 624 natura
972 588 1167 639 convenit&
1200 589 1293 624 unde
1308 578 1378 624 'ne-

213 667 358 702 cessario
395 667 564 712 sequitur,
601 666 765 701 virtutem
805 666 839 700 et
871 664 1084 707 felicitatem,
1125 663 1207 699 licet
1235 660 1378 700 'diversa

207 744 279 779 sint
316 742 496 785 vocabula,
533 754 636 776 unam
668 744 782 776 tamen
820 753 890 776 rem
923 754 1009 785 esse;
1048 740 1176 776 nullam
1213 741 1376 776 virtutem

210 821 340 866 praeter
375 818 590 861 felicitatem,
626 817 756 853 nullam
798 817 995 854 felicitatem
1029 820 1159 866 praeter
1203 818 1374 854 virtutem.

210 901 257 937 Τὸ
285 903 378 950 μόνον
406 900 543 950 ἀγαθόν,
572 900 680 936 καλόν·
713 900 748 936 τὸ
775 902 869 949 μόνον
897 899 1013 947 καλόν,
1042 899 1163 948 ἀγαθόν
1190 901 1254 947 (2).
1296 900 1376 940 Quo

210 979 372 1021 efficitur,
398 977 508 1013 solum
533 977 571 1012 id
595 977 721 1013 malum
742 990 813 1013 esse
837 977 929 1024 quod
953 976 1172 1012 inhonestum
1192 977 1248 1012 sit.

255 1053 353 1088 Idem
378 1065 456 1089 vero
482 1054 676 1089 Stoicorum
701 1054 866 1100 placitum
892 1067 911 1089 a
935 1054 1069 1101 vulgari
1090 1055 1251 1101 opinione
1275 1066 1375 1100 quam

208 1129 354 1164 maxime
375 1128 546 1164 discedere
566 1130 783 1177 perspicuum
804 1134 865 1165 est.
915 1130 1029 1166 Pauca
1061 1133 1158 1175 sunt,
1184 1131 1226 1167 de
1249 1131 1375 1178 quibus

208 1206 314 1253 major
334 1218 406 1241 non
430 1208 565 1241 tantum
586 1206 677 1241 inter
705 1206 936 1250 doctissimos,
961 1207 1020 1242 sed
1053 1208 1143 1243 inter
1175 1220 1291 1243 omncs
1328 1208 1375 1243 sit

210 1282 376 1318 dissensio
391 1296 397 1317 ε

283 1439 406 1476 nMille
431 1439 610 1474 hominum
635 1439 762 1486 species
787 1441 821 1474 et
842 1450 953 1474 rerum
976 1439 1122 1474 discolor
1139 1451 1237 1483 usus,

282 1518 381 1553 Velle
406 1530 506 1552 suum
528 1517 652 1562 cuique
672 1519 739 1559 est,
764 1529 827 1551 nec
847 1519 928 1552 voto
946 1517 1076 1552 vivitur
1095 1519 1195 1551 uno.''
1223 1517 1274 1563 (3)

209 1673 270 1707 uSi
296 1673 410 1714 vero,''
438 1670 563 1705 dixerit
588 1668 728 1715 aliquis,
761 1669 895 1704 nvirtus
917 1667 1026 1703 solum
1063 1668 1190 1703 bonum
1215 1667 1373 1711 habetur,

206 1747 291 1795 quid
316 1745 537 1782 statuendum
564 1744 604 1780 de
635 1743 778 1787 honore,
813 1743 961 1787 divitiis,
995 1743 1137 1779 ceteris?
1197 1744 1255 1779 An
1291 1742 1373 1780 haec

205 1825 436 1861 indifferentia
464 1825 564 1870 putas
572 1823 610 1858 ?”
669 1822 903 1869 Respondebit
936 1822 1073 1857 Stoicus
1108 1835 1114 1857 :
1143 1823 1372 1870 uIndzjfferen-

205 1904 258 1939 tia
266 1904 300 1938 !''

257 1984 353 2019 Haec
378 1995 457 2018 vero
482 1980 650 2030 ἀδιάφορα
674 1984 765 2016 recte
791 1983 872 2016 sunt
895 1980 1137 2027 distinguenda
1150 1980 1263 2025 abiis,
1287 1993 1373 2027 quae

205 2059 311 2109 vulgo
335 2060 385 2095 ita
410 2058 583 2095 dicuntur.
614 2058 848 2107 Distinguunt
872 2059 939 2107 ipsi
964 2058 1089 2104 Stoici,
1114 2072 1219 2107 quum
1241 2060 1370 2110 duplici

243 2249 283 2283 (1)
304 2247 389 2275 Conf.
409 2251 493 2283 caput
512 2247 681 2275 antecedens
703 2247 789 2282 hujus
813 2247 1022 2282 disputationis.

243 2300 282 2335 (2)
302 2298 371 2326 Vid.
392 2306 462 2334 quae
491 2297 641 2334 Chrysippi
664 2298 801 2326 vocabula
819 2298 899 2326 affert
918 2299 997 2326 Plut.
1020 2298 1109 2335 l.l.p.
1126 2301 1195 2327 1039
1210 2298 1245 2327 C.
1284 2298 1368 2328 Conf.

203 2350 290 2386 Diog.
319 2349 356 2377 L.
379 2349 444 2377 Lib.
463 2349 534 2377 VII.
558 2349 574 2384 ἓ
595 2352 657 2377 101.
679 2348 777 2378 Cicero
795 2350 829 2378 de
854 2349 921 2378 Fin.
941 2350 998 2378 111.
1032 2359 1057 2378 c.
1076 2353 1104 2379 8.
1135 2350 1251 2385 Quaest.
1275 2350 1366 2379 Acad.

202 2401 228 2428 Ι.
256 2409 282 2428 c.
309 2403 352 2427 10.

243 2453 282 2486 (3)
302 2451 433 2482 Persius,
456 2451 514 2477 Sat.
537 2450 575 2477 V.
601 2453 644 2476 52.
