1524 2932
769 196 789 227 8

257 303 361 339 Liber
386 302 455 351 περὶ
484 301 899 349 Στωϊκῶν·ἐναντιωμα’των
924 300 1087 347 plurimos
1109 302 1262 338 continet
1273 301 1365 337 Stoi-

209 391 325 415 corum
361 379 469 421 locos,
502 390 587 424 quos
623 376 827 413 Plutarchus
859 378 1029 422 tamquam
1052 379 1277 424 rePugnantoe
1302 375 1367 412 sibi

204 455 352 490 invicem
386 455 552 502 opposuit.
603 454 737 489 Horum
773 452 923 500 plerique
946 465 965 487 e
1000 451 1184 499 Chrysippi
1209 452 1365 499 operibus

204 530 351 566 desumti
377 533 466 566 sunt.
505 531 626 578 Agunt
647 542 684 565 ea
709 529 749 565 de
773 528 911 577 logicis,
936 527 977 563 de
997 526 1164 575 physicis,
1188 528 1366 576 praecipue

202 620 281 643 vero
313 608 353 643 de
377 607 509 642 ethicis.
559 607 634 641 Nos
659 618 752 648 vero,
777 605 906 652 reliqua
934 604 1144 646 omittentes,
1169 615 1207 638 ea
1230 606 1365 639 tantum

198 682 462 725 recensebimus,
496 693 581 728 quae
606 684 761 728 spectant
791 680 833 716 ad
864 681 1053 715 libertatem
1077 679 1285 720 vobuntatis5
1321 679 1364 715 ad

201 758 342 793 virtutis
366 762 525 793 naturam
549 758 791 805 rationemque,
815 770 883 804 qua
907 757 945 792 in
969 757 1044 792 vita
1068 756 1212 791 bominis
1231 769 1268 791 ce
1284 770 1365 804 ape-

199 834 288 874 riat:
316 837 349 869 et
374 833 417 869 ad
430 834 663 880 felicitatem,
688 834 826 880 ejusque
851 846 923 868 cum
939 833 1067 868 virtute
1088 833 1364 879 conjuactionem.

246 908 323 944 Tali
357 921 435 945 vero
467 910 655 945 recensioni
679 911 769 945 recte
793 908 1024 945 instituendae
1062 908 1188 945 multae
1223 908 1362 945 obstant

198 985 424 1021 difficultates.
474 985 650 1022 Plutarchi
684 987 773 1022 enim
802 986 903 1030 liber,
927 985 1209 1033 quemadmodum
1232 986 1362 1033 reh'qua

196 1061 269 1109 ejus
290 1074 389 1110 opera
414 1061 567 1105 moralia,
592 1062 690 1098 valde
711 1064 889 1109 corruptus
910 1064 977 1105 est,
1002 1062 1052 1097 ita
1075 1064 1116 1097 ut
1137 1061 1255 1098 multis
1276 1062 1361 1098 locis

197 1139 257 1174 vix
286 1141 400 1185 posset
433 1138 598 1187 intelligi,
631 1139 700 1174 nisi
725 1138 879 1173 adessent
912 1137 1172 1184 Wyttenbachii
1205 1138 1360 1174 emenda-

198 1215 309 1250 tiones
348 1218 382 1250 et
424 1215 653 1262 conjecturae,
694 1227 779 1261 quae
813 1214 905 1250 haud
945 1226 1020 1250 raro
1061 1227 1217 1262 magnam
1251 1215 1360 1251 lucem

199 1291 344 1325 afferunt
359 1291 423 1337 (1).
473 1290 565 1326 Dein
590 1291 815 1326 desideramus
836 1292 909 1338 ipsa
921 1290 1104 1339 Chrysippi
1117 1304 1230 1339 opera,
1248 1305 1265 1327 e
1283 1294 1359 1338 qui-

199 1364 264 1401 bus
288 1366 478 1413 fragmenta
502 1368 597 1402 affert
621 1366 842 1409 Plutarchus,
867 1366 958 1401 unde
978 1367 1018 1402 fit
1038 1369 1094 1410 ut,
1114 1367 1265 1403 locorum
1279 1380 1360 1403 con-

195 1444 294 1476 textu
312 1441 501 1489 deperdito,
526 1455 621 1490 saepe
650 1442 830 1478 admodum
855 1442 992 1477 difficile
1016 1444 1063 1478 sit
1087 1445 1248 1486 statuere,
1273 1444 1357 1490 quid

196 1517 408 1566 Chrysippus
436 1518 501 1554 hoc
531 1518 633 1555 illove
658 1518 750 1554 dicto
776 1518 1028 1566 significaverit.

243 1594 401 1642 Denique
422 1595 463 1630 de
483 1594 666 1643 Chrysippi
687 1595 783 1638 fatis,
808 1594 938 1638 schola,
965 1594 1109 1630 docendi
1121 1595 1267 1639 ratione,
1288 1598 1356 1632 tam

194 1683 301 1718 pauca
325 1671 368 1706 ad
397 1684 459 1707 nos
484 1674 723 1719 pervenerunt,
757 1674 797 1706 ut
830 1671 964 1706 definiri
989 1673 1149 1717 nequeat,
1172 1683 1239 1717 qua
1259 1683 1356 1707 occa-

195 1747 290 1782 sione
319 1750 353 1783 et
381 1759 449 1794 quo
470 1748 560 1784 vitae
583 1751 732 1795 tempore
752 1746 844 1783 hunc
862 1746 1002 1783 illumve
1022 1747 1195 1794 scripserit
1215 1746 1356 1791 librum,

195 1825 295 1868 atque
320 1822 401 1857 adeo
422 1823 631 1870 ignoremus,
655 1826 771 1858 utrum
792 1822 995 1857 Plutarchus
1020 1821 1112 1857 locos
1130 1822 1196 1858 sibi
1209 1823 1356 1859 invicem

232 2008 272 2043 (1)
292 2007 402 2036 Prodiit
422 2012 487 2037 ante
507 2008 612 2044 aliquot
629 2016 719 2037 annos
735 2008 821 2036 editio
839 2007 983 2042 Diibneri,
1002 2008 1098 2036 omnia
1116 2007 1261 2037 Plutarchi
1271 2017 1356 2044 opera

193 2059 341 2087 continens
362 2060 497 2094 moralia,
517 2060 658 2095 eleganter
677 2060 752 2095 typis
769 2067 920 2094 expressa,
939 2059 1035 2086 addita
1052 2058 1181 2087 versione
1193 2059 1353 2095 Xylandri,

192 2111 430 2146 quemadmodum
456 2119 489 2139 ea
511 2119 528 2138 a
550 2111 766 2146 Wyttenbachio
790 2110 937 2139 emendata
955 2113 1007 2138 est.
1045 2109 1081 2136 Id
1104 2118 1171 2137 vero
1189 2118 1273 2145 quam
1293 2119 1355 2137 ma.-

194 2161 272 2188 xime
297 2161 328 2188 in
357 2162 479 2189 editione
505 2161 629 2189 Diibneri
662 2161 748 2197 (apud
769 2161 872 2194 Didot‚
901 2169 928 2188 a.
955 2160 1036 2196 1845)
1063 2160 1249 2195 desideratur,
1279 2162 1354 2197 quod

192 2211 272 2239 nulla
297 2212 386 2239 textui
410 2212 548 2248 adscripta
570 2213 606 2240 sit
627 2212 755 2241 lectionis
778 2212 915 2244 varietas,
945 2212 1040 2239 nullae
1059 2211 1184 2239 virorum
1205 2212 1351 2239 doctorum

191 2262 382 2297 conjecturae3
412 2264 486 2291 unde
509 2264 555 2297 fit,
581 2268 612 2291 ut
633 2267 726 2292 textus
754 2272 858 2299 magna
878 2263 986 2291 laboret
1011 2262 1195 2295 obscuritate,
1215 2266 1243 2290 et
1261 2262 1352 2290 versio

191 2313 280 2341 latina
311 2314 346 2341 ad
371 2314 445 2341 hunc
477 2315 572 2343 referri
600 2323 656 2343 non
683 2314 785 2350 possit,
812 2314 867 2342 nisi
890 2314 962 2342 adsit
981 2314 1078 2341 lectori
1102 2313 1352 2348 Wyttenbachiana

191 2364 286 2391 editio.
