1524 2932
727 225 773 257 43

171 335 282 381 potaet
302 332 367 368 hoc
390 344 504 368 eorum
530 332 697 380 paradoxo
724 346 730 366 2
757 334 802 367 ὅτι
829 329 990 380 αὐτάρκης
1017 331 1036 368 ἡ
1065 330 1164 379 ἀρετὴ
1180 329 1255 379 πρὸς
1272 330 1328 366 εὐ-

172 414 356 464 δαιμονίαν.
386 415 449 462 (1).

224 497 293 536 Τὴν
321 495 523 545 εὐδαιμονίαν
547 498 585 532 in
598 484 709 532 rebus
734 495 891 530 humanis
919 494 970 541 (ea
995 494 1090 537 dico,
1115 506 1200 540 quae
1223 494 1331 529 Stoici

170 579 212 614 ad
249 580 291 615 τὰ
320 580 504 629 προηγμένα
541 577 704 624 referunt)
739 589 809 611 non
843 588 940 623 posse
973 576 1128 623 reperiri,
1165 576 1333 611 neminem

169 658 281 703 potest
305 655 416 691 latere.
466 653 568 690 Nihil
588 654 626 688 in
646 653 691 688 iis
712 652 901 695 invenitur,
926 651 1018 698 quod
1039 651 1081 687 ab
1102 652 1196 687 omni
1210 651 1332 687 damno

168 733 284 766 tutum
308 730 454 777 aliquem
478 730 645 776 praestare
668 728 785 775 possit.
836 726 975 762 Adsunt
995 727 1061 762 tibi
1083 726 1239 770 divitiae,
1260 729 1332 762 atra

169 819 250 843 cura
274 807 420 850 accedit3
447 805 541 840 adest
562 804 685 848 honos,
710 804 880 840 calumnia
900 804 1049 847 vexaris3
1075 804 1220 839 sanitate
1241 804 1331 840 fiue-

168 884 232 927 ris,
264 882 437 931 impendet
469 881 661 917 morborum
697 880 808 928 copia;
842 881 915 916 vita
946 879 1089 927 gaudes,
1123 878 1236 915 fatalis
1265 880 1330 916 tibi

167 963 323 999 imminet
356 962 437 998 dies.
498 961 543 996 Id
576 973 675 1009 porro
711 961 775 1002 τοῖς
812 960 1022 1010 προηγμένοις
1059 963 1111 996 est
1144 961 1334 1008 proprium,

167 1042 207 1075 ut
239 1050 416 1085 nunquam
452 1037 601 1074 hominis
638 1038 750 1073 animo
786 1037 885 1085 plane
917 1038 1144 1080 satisfaciant,
1181 1050 1252 1073 non
1285 1038 1332 1072 sit

168 1114 248 1150 finis
272 1113 462 1162 appetendi.
513 1113 724 1150 Divitiarum
748 1112 802 1149 vel
826 1112 955 1161 gloriae
978 1113 1039 1160 qui
1064 1116 1145 1149 sunt
1170 1112 1333 1156 studiosi,

168 1192 251 1228 licet
276 1192 409 1229 divitiis
434 1192 608 1228 abundent
646 1191 700 1228 vel
736 1191 863 1227 honore
892 1191 1117 1235 celebrentur,
1143 1203 1270 1238 semper
1298 1191 1335 1226 id

166 1272 289 1319 agunt,
327 1271 366 1305 ut
402 1268 543 1317 majores
581 1268 647 1304 sibi
685 1270 880 1316 comparent
922 1267 1062 1304 divitias
1101 1270 1135 1303 et
1168 1267 1336 1304 nobiliore

166 1347 276 1395 palma
301 1346 486 1383 evehantur
511 1346 553 1381 ad
577 1346 665 1381 deos.
717 1345 872 1381 nXerxes
896 1345 1035 1392 quidem
1059 1345 1201 1381 refertus
1223 1346 1333 1382 omni-

166 1423 231 1459 bus
261 1424 417 1471 praemiis
444 1422 610 1469 donisque
633 1422 804 1465 fortunae,
837 1434 907 1457 non
932 1422 1102 1469 equitatu,
1138 1434 1208 1457 non
1232 1421 1332 1469 pede—

167 1499 295 1536 stribus
309 1500 432 1548 copiis,
456 1512 527 1535 non
539 1499 679 1535 navium
690 1498 928 1542 multitudine,
948 1511 1020 1534 non
1033 1499 1171 1534 infinito
1183 1498 1331 1546 pondere

166 1577 240 1612 auri
268 1578 465 1618 contentus,
490 1575 673 1623 praemium
697 1575 875 1622 proposuit
898 1576 944 1618 ei,
969 1576 1030 1621 qui
1055 1576 1242 1611 invenisset
1266 1586 1329 1611 no-

164 1664 240 1687 vam
261 1651 478 1698 voluptatem.
529 1651 607 1690 Qua
627 1652 700 1697 ipsa
720 1664 791 1686 non
812 1651 880 1686 fuit
902 1654 1099 1695 contentus3
1118 1664 1227 1698 neque
1238 1652 1328 1687 enim

163 1739 313 1774 unquam
339 1728 440 1762 finem
458 1720 610 1768 inveniet
632 1726 761 1762 libido''
777 1727 840 1775 (2).
890 1726 1000 1762 Causa
1021 1729 1148 1770 autem,
1175 1739 1236 1762 cur
1256 1740 1326 1763 non

165 1815 280 1839 omnes
312 1802 376 1838 hac
401 1802 442 1838 de
466 1814 502 1838 re
535 1803 765 1846 consentiant,
795 1804 829 1838 et
857 1802 1054 1838 felicitatem
1078 1806 1241 1849 quaerant
1266 1803 1327 1840 ubi

161 1892 233 1915 non
258 1882 370 1927 potest
394 1879 546 1927 reperiri,
579 1879 616 1915 in
641 1891 679 1915 eo
708 1879 819 1927 posita
844 1882 910 1923 est,
934 1879 1026 1926 quod
1050 1879 1210 1927 permulti
1235 1893 1327 1917 sum-

162 1968 256 1991 mum
280 1955 408 1992 bonum
430 1955 595 1991 definiant
620 1968 639 1991 a
663 1955 856 1991 Stoicorum
880 1956 1048 1992 sententia
1074 1956 1253 1993 diversum.

209 2031 378 2066 Universe
415 2031 572 2067 omnibus
609 2031 675 2066 hoc
712 2032 817 2074 inest,
855 2035 895 2067 ut
931 2033 1081 2067 fructum
1113 2032 1324 2076 lubidinum‚

160 2106 410 2154 qualescunque
443 2107 530 2151 sint,
564 2119 732 2143 summum
765 2107 911 2144 habeant
935 2108 1077 2153 bonum;
1102 2109 1139 2144 id
1163 2109 1322 2146 omnibus

198 2308 237 2344 (1)
257 2307 380 2336 Zenonis
413 2311 440 2336 et
467 2307 632 2344 Chrysippi·
650 2309 680 2336 id
712 2317 782 2343 esse,
809 2310 886 2338 testis
908 2313 950 2338 est
965 2310 1050 2344 Diog.
1072 2310 1106 2337 L.
1131 2310 1194 2338 Lib.
1216 2312 1285 2339 VII.
1307 2312 1322 2346 ξ

163 2360 225 2386 127.
265 2358 350 2387 Gonf.
371 2360 487 2387 omnino
508 2356 624 2394 Cicero,'
642 2360 790 2388 Paradoxa
809 2360 824 2387 Ι
846 2364 874 2388 et
896 2360 936 2387 11.

169 2407 172 2408 ⁷
198 2410 236 2445 (2)
257 2410 356 2439 Cicero
376 2411 461 2438 Tusc.
481 2410 596 2445 Quaest.
616 2410 655 2438 V.
677 2420 701 2438 c.
724 2413 750 2438 7.
