1524 2932
746 206 787 239 16

183 307 301 341 Cicero
323 308 421 343 nobis
447 311 497 342 est
523 311 640 342 auctor
663 309 726 354 (1).
780 308 975 347 ›JQuaedam
997 311 1086 345 enim
1113 315 1209 354 sunt,
1234 310 1343 357 Chry-

181 384 297 431 sippus
319 384 449 433 inquit,
474 385 511 419 in
535 383 635 420 rebus
656 383 839 432 simplicia,
864 384 1026 433 quaedam
1052 387 1217 434 copulata.
1252 387 1341 423 Sim-

180 460 257 506 plex
280 463 330 495 est
357 474 363 494 :
389 461 551 495 morietur
571 473 610 495 eo
633 460 687 496 die
708 461 871 496 Socrates.
922 460 1036 504 Huic,
1054 462 1125 497 sive
1146 463 1230 510 quid
1254 464 1341 499 fece-

179 538 226 574 rit
264 538 336 574 sive
371 551 441 574 non
465 538 597 582 fecerit,
623 539 742 574 finitus
768 542 820 574 est
843 538 1008 574 moriendi
1038 538 1117 574 dies.
1168 539 1217 575 At
1242 540 1271 575 si
1293 540 1341 576 ita

178 615 287 650 fatum
317 615 378 657 sit,
411 615 581 650 Nascetur
602 614 753 662 Oedipus
777 614 879 657 Laio;
916 626 986 649 non
1010 614 1135 661 poterit
1160 613 1246 657 dici,
1271 615 1342 650 sive

178 692 282 727 fuerit
306 692 411 727 Laius
437 704 514 726 cum
538 691 693 734 muliere,
718 692 790 727 sive
813 703 883 726 non
908 692 1012 727 fuerit
1038 705 1044 726 :
1072 690 1228 738 copulata
1249 692 1339 727 enim

177 779 229 803 res
250 770 302 803 est
326 770 360 802 et
385 767 562 803 confatalis
585 781 592 802 z
618 768 668 802 sic
689 768 778 802 enim
800 767 960 815 appellat,
986 768 1066 816 quia
1090 768 1140 803 ita
1163 767 1270 803 fatum
1283 768 1340 811 sit,

176 846 211 879 et
232 843 496 879 concubiturum
517 856 594 879 cum
618 856 724 879 uxore
746 844 884 886 Laium,
909 847 943 879 et
967 855 1008 879 ex
1029 843 1247 891 eaOedipum
1260 854 1337 891 pro-

177 923 384 965 creaturum3
409 924 465 964 ut,
486 922 515 956 si
530 924 623 968 esset
645 921 774 956 dictum
801 934 807 956 :
833 920 1040 957 Luctabitur
1052 920 1222 968 Olympiis
1234 919 1338 963 Milo,

176 1002 210 1034 et
235 999 371 1033 referret
396 998 535 1045 aliquis,
569 998 677 1045 Erg0‚
711 999 783 1034 sive
815 997 971 1034 habuerit
1004 997 1230 1033 adversarium
1267 997 1339 1033 sive

173 1086 243 1109 non
268 1073 439 1117 habuerit,
464 1073 667 1116 luctabitur;
692 1075 826 1108 errare&
849 1074 914 1108 Est
926 1074 1016 1108 enim
1038 1073 1232 1120 copulatum
1244 1073 1337 1108 Luc-

173 1150 318 1192 tabitur,
343 1150 424 1197 quia
457 1150 531 1184 sine
564 1149 754 1185 adversario
783 1148 879 1183 nulla
915 1148 1060 1184 luctatio
1085 1151 1145 1184 est.
1208 1148 1334 1184 Omnes

172 1225 282 1274 igitur
318 1225 420 1260 istius
456 1225 589 1273 generis
626 1225 798 1272 captiones
834 1224 950 1260 eodem
986 1224 1087 1260 modo
1124 1223 1335 1260 refelluntur.

171 1303 253 1339 Sive
284 1305 326 1338 tu
359 1302 552 1338 adhibueris
585 1303 753 1338 medicum
778 1304 850 1339 sive
879 1316 951 1338 non
975 1303 1184 1346 adhibueris,
1209 1315 1334 1339 conva-

171 1380 291 1423 lesces,
317 1380 515 1427 captiosum.
566 1380 650 1415 Tam
675 1381 764 1415 enim
793 1383 844 1416 est
868 1380 969 1416 fatale
988 1381 1157 1417 medicum
1178 1381 1335 1417 adhibere

169 1475 269 1510 quam
296 1462 557 1498 convalescere.”
583 1461 794 1509 Chrysippus
815 1474 854 1497 ea
862 1463 1056 1509 confatalia
1069 1456 1332 1511 (συνειμαρμένα)

168 1539 322 1587 appellat.

216 1615 381 1650 Concinit
418 1615 499 1651 haec
533 1616 604 1663 ejus
639 1615 680 1650 de
710 1615 897 1652 voluntatis
934 1615 1099 1652 humanae
1131 1616 1330 1652 necessitate

165 1694 334 1729 sententia
365 1706 441 1729 cum
475 1694 534 1736 iis,
572 1706 657 1742 quae
686 1693 841 1741 pluribus
872 1693 960 1729 >locis
993 1694 1116 1729 statuit
1150 1694 1191 1729 de
1218 1694 1327 1729 totius

165 1775 285 1809 mundi
310 1774 540 1809 fabricatione.
590 1774 715 1809 Exstat
740 1775 811 1821 ejus
837 1775 899 1809 fati
925 1775 1080 1810 definitio
1103 1788 1109 1809 :
1136 1774 1327 1828 Εἱμαρμένη

163 1853 249 1890 ἐστιν
276 1855 293 1890 ὁ
321 1857 375 1890 τοῦ
404 1856 522 1903 κόσμου
551 1854 642 1903 λόγος
656 1882 668 1901 ,
702 1854 722 1893 ἢ
750 1853 841 1903 λόγος
869 1858 933 1891 τῶν
961 1854 993 1890 ἐν
1021 1858 1066 1903 τῷ
1094 1855 1205 1904 κόσμῳ
1241 1868 1327 1904 προ-

165 1935 236 1980 νοίᾳ
264 1933 501 1982 διοικουμένων·
533 1935 553 1973 ἢ
582 1934 688 1983 λόγος,
719 1931 789 1969 καθ’
818 1934 851 1970 ὃν
879 1936 920 1971 τὰ
948 1935 1006 1984 μὲν
1035 1936 1187 1984 γεγονότα
1202 1936 1324 1984 γέγονε,

162 2017 204 2052 τά
234 2013 272 2051 δὲ
300 2017 472 2066 γιγνόμενα
509 2017 649 2065 γίγνεται
661 2044 673 2064 ,
704 2016 745 2052 τὰ
773 2014 812 2052 δέ
839 2019 1031 2067 γενησόμενα
1058 2023 1221 2068 γενήσεται
1261 2022 1324 2068 (2).

161 2097 350 2133 Contendit
373 2097 439 2132 alio
463 2099 538 2134 loeo
563 2096 666 2147 μηδὲν
690 2098 838 2147 ἴσχεσθαι
859 2098 943 2148 μηδὲ
968 2102 1121 2138 κινεῖσθαι
1148 2102 1232 2152 μηδὲ
1246 2104 1325 2141 τού-

197 2270 237 2305 (1)
257 2270 302 2298 De
320 2271 409 2305 Fato,
427 2280 489 2307 cap.
510 2275 553 2299 13.

196 2322 235 2356 (2)
256 2321 335 2349 Stob.
358 2322 475 2358 Eclogg.
499 2323 562 2350 Lib.
584 2323 608 2350 1.
630 2333 657 2359 p.
685 2327 747 2353 180.
768 2324 822 2352 Ed.
843 2325 1154 2361 Heeren.Plutarchus,
1172 2327 1206 2354 de
1219 2327 1321 2355 Placit.

157 2371 232 2398 Phil.
250 2381 279 2407 p.
301 2375 353 2400 885
374 2372 408 2400 C.
