1524 2932
747 231 790 264 18

238 335 326 372 Cum
350 337 526 372 statuisset
558 334 662 385 μηδὲν
690 336 858 385 ἀναιτίως,
884 341 918 374 et
944 342 1062 376 contra
1087 341 1162 389 ipsa
1185 341 1248 378 illa
1272 354 1351 378 cau-

189 423 302 447 sarum
335 414 419 448 serie
438 413 575 448 libertas
596 416 814 456 everteretur,
848 414 1019 450 subtiliter
1040 428 1215 454 causarum
1232 431 1354 467 genera

188 487 366 533 distinxit,
399 491 439 526 ut
472 492 506 526 et
539 491 773 526 necessitatem
805 491 966 539 effugeret
990 494 1025 528 et
1048 494 1208 531 retineret
1232 495 1351 532 fatum.

189 563 399 600 nCausarum
430 567 536 609 enim,
560 567 691 614 inquit,
716 566 799 602 aliae
823 570 905 602 sunt
934 568 1100 615 perfect-ae
1124 572 1158 606 et
1182 572 1353 620 principa-

186 639 252 684 les,
277 641 361 677 aliae
390 642 589 689 adjuvantes
618 646 652 678 et
672 643 851 690 proximae.
901 644 1014 684 Quam
1035 644 1078 681 ob
1102 658 1172 682 rem
1193 659 1271 684 cum
1300 649 1354 684 di-

187 718 312 761 cimus,
348 719 461 754 omnia
493 719 564 754 fato
597 720 670 755 fieri
707 720 818 756 causis
852 721 1144 767 antecedentibus,
1180 736 1251 759 non
1288 724 1353 761 hoc

188 794 337 842 intelligi
375 795 548 839 volumus,
586 797 698 832 causis
736 798 894 844 perfectis
931 802 965 834 et
998 800 1257 848 principalibus,
1294 802 1353 838 sed

188 871 299 907 causis
324 872 566 919 adjuvantibus
592 872 870 910 antecedentibus
895 876 930 910 et
950 875 1134 922 proximis''
1149 876 1213 924 (1).
1262 877 1353 914 Sunt

186 948 296 995 igitur
327 948 514 984 secundum
548 948 776 997 Chrysippum
808 963 983 986 causarum
1001 951 1069 987 duo
1089 964 1211 1000 genera
1236 966 1243 988 :
1269 953 1354 989 aliae

185 1029 350 1076 perfectae
362 1032 396 1065 et
408 1030 612 1078 principales
639 1029 819 1078 (αὐτοτελὴς
844 1029 897 1066 καὶ
926 1031 1021 1082 κυρία
1048 1032 1168 1081 αἰτία),
1192 1032 1275 1069 aliae
1292 1033 1351 1069 ad-

180 1111 341 1157 juvantes
362 1114 396 1146 et
416 1112 588 1158 proximae
615 1112 791 1159 (συναίτια,
818 1113 907 1148 αἰτία
924 1115 1113 1162 προςεχής),
1139 1126 1254 1149 01111185
1272 1126 1351 1150 vero

186 1197 269 1230 sunt
302 1194 537 1231 antecedentes
574 1194 844 1244 (προκαταρκτικὴ
888 1193 1002 1243 αἰτία).
1059 1195 1252 1232 Distinctio
1284 1196 1351 1231 ista

186 1269 287 1317 paulo
322 1270 496 1306 obscurior
527 1269 621 1306 hunc
654 1283 790 1306 sensum
821 1269 943 1306 habere
976 1271 1127 1314 videtur,
1160 1274 1201 1307 ut
1233 1283 1352 1307 causae

185 1347 351 1395 perfectae
384 1348 419 1383 vi
449 1359 510 1382 sua
542 1346 594 1389 id,
627 1346 719 1395 quod
748 1347 792 1381 iis
821 1346 1010 1393 subjectum
1046 1350 1113 1391 est,
1151 1350 1242 1383 certo
1278 1348 1349 1383 effl-

187 1424 296 1466 ciant,
329 1426 370 1459 ut
399 1424 491 1471 ignis
522 1422 693 1466 accendit;
727 1435 845 1458 causae
870 1435 948 1458 vero
973 1423 1186 1470 adjuvantes,
1219 1424 1283 1460 etsi
1309 1424 1351 1459 ad

186 1501 343 1535 effectum
380 1499 526 1547 aliquem
551 1499 690 1535 omnino
714 1500 943 1547 requirantur,
968 1502 1122 1535 naturam
1141 1502 1254 1536 tamen
1279 1501 1350 1536 effi-

187 1575 300 1610 ciendi
329 1588 399 1610 non
432 1575 593 1617 habeant,
618 1587 645 1609 e.
669 1587 702 1622 g.
732 1575 761 1609 si
791 1586 844 1609 aes
874 1577 1005 1610 statuae
1030 1574 1122 1610 dicas
1141 1587 1274 1610 causam
1291 1575 1350 1610 ad—

181 1652 374 1699 juvantem,
399 1651 491 1700 quod
513 1652 586 1686 sine
611 1663 649 1686 eo
674 1663 745 1686 non
770 1651 878 1698 possit
894 1651 990 1686 effici.
1019 1651 1070 1698 (2)

234 1728 461 1776 Chrysippus,
491 1728 556 1764 hoc
581 1728 692 1776 posito
714 1740 889 1763 causarum
915 1727 1127 1771 discrimine,
1160 1727 1348 1764 voluntatis

185 1805 375 1842 libertatem
399 1817 530 1841 servare
554 1818 589 1840 se
613 1805 773 1852 opinatus
809 1806 869 1839 est.
906 1803 1023 1843 Quum
1051 1804 1141 1838 enim
1171 1804 1350 1848 concedat,

187 1882 301 1917 omnia
326 1882 437 1917 causis
462 1882 534 1916 fieri
560 1880 774 1928 antepositis,
798 1883 832 1915 et
849 1877 1099 1915 inde'nonnulh'
1114 1879 1240 1915 ducant
1249 1892 1348 1928 argu-

186 1961 354 2001 mentum,
379 1970 446 2006 quo
459 1957 617 2005 probent,
641 1955 782 1992 nihilne
791 1956 976 2004 appetitum
989 1955 1125 2004 quidem
1137 1967 1207 1991 esse
1219 1956 1257 1991 in
1269 1968 1349 1991 nos-
1400 1991 1402 1993 ,

190 2040 243 2071 tra
265 2037 446 2082 potestate,
471 2035 514 2069 iis
536 2046 555 2069 a
580 2033 770 2081 Chrysippo
795 2034 993 2081 opponitur,
1017 2033 1082 2069 hoc
1094 2046 1163 2069 non
1177 2034 1271 2082 sequi
1283 2034 1351 2069 nisi

189 2113 301 2147 omnia
323 2112 480 2159 perfectis
501 2114 535 2146 et
560 2110 804 2157 principalibus
827 2111 936 2146 causis
962 2110 1034 2146 fieri
1062 2110 1222 2146 dicamus.
1262 2110 1351 2156 Cau-

231 2288 270 2322 (l)
291 2286 391 2313 Cicero
410 2286 444 2312 de
460 2285 548 2318 Fato,
568 2293 593 2311 c.
618 2287 661 2312 38.
683 2302 718 2306 —
737 2284 883 2312 Postrema
905 2284 990 2312 verba
1013 2284 1053 2311 ita
1072 2287 1139 2311 sunt
1157 2282 1350 2317 intelligenda,

184 2348 217 2366 ac
240 2340 264 2365 si
282 2338 416 2372 scriptum
439 2340 511 2363 esset
532 2346 537 2362 :
559 2336 651 2371 „dum
673 2344 772 2363 causae
787 2336 953 2364 antecedant
961 2335 1125 2371 adjuvantes
1135 2338 1162 2361 et
1175 2333 1349 2369 proximae;’'

184 2392 316 2416 monente
332 2387 444 2414 Mosero
466 2387 501 2413 ad
524 2387 553 2412 h.
578 2386 598 2412 l.

224 2440 263 2473 (2)
284 2438 367 2465 Conf.
389 2437 450 2464 Cic.
476 2437 593 2472 Topica.
615 2446 639 2463 c.
665 2440 706 2462 15,
