1524 2932
713 206 758 239 49

168 307 233 341 hoc
253 305 328 340 loco
349 308 482 341 tantum
503 319 540 342 ea
559 308 830 350 memorabimus,
851 320 935 353 quae
956 320 1033 342 cum
1054 308 1194 353 reliquis
1206 320 1319 343 eorum

170 381 305 429 placitis
331 383 506 419 concinere
526 383 693 420 videntur.

218 464 291 500 Soli
315 467 458 513 sapienti
482 467 539 506 τὴν
565 465 693 515 εὔλογον
719 464 932 515 ἐξαγωγὴνβ
952 466 1024 501 vita
1052 467 1178 512 patere,
1204 465 1328 501 diserte

170 554 233 578 nos
265 546 404 579 monent
433 544 625 580 Stoicorum
653 543 857 579 testimonia.
909 542 1048 583 nQuum
1072 543 1234 579 vitiorum
1262 544 1328 579 ista

170 619 223 654 vis
247 631 316 655 non
341 621 402 663 sit,
426 623 466 655 ut
491 620 786 654 causamafl'erant
809 619 928 654 mortis
950 618 1175 661 voluntariae,
1200 619 1327 665 perspi-

171 708 272 731 cuum
295 699 364 747 est,
386 696 486 732 etiam
512 695 709 739 stultorum,
733 696 793 742 qui
813 695 915 731 iidem
935 696 1049 731 miseri
1067 696 1153 739 sint,
1178 695 1327 730 officium

171 783 242 806 esse
264 784 396 807 manere
420 772 458 806 in
482 771 568 814 vita,
594 772 624 806 si
645 772 716 807 sint
736 773 774 806 in
794 772 918 819 majore
942 775 1036 819 parte
1060 784 1172 807 earum
1197 784 1325 815 rerum,

168 860 251 894 quas
275 847 460 883 secundum
489 850 643 883 naturam
668 861 738 883 esse
763 848 918 884 dicimus.
967 848 1015 884 Et
1039 849 1199 894 quoniam
1228 862 1324 884 exce-

172 923 253 959 dens
278 936 296 958 e
325 924 396 959 vita
420 926 454 958 et
478 936 616 958 manens
641 935 744 970 aeque
764 924 864 958 miser
888 926 954 967 est,
979 936 1041 959 nec
1063 923 1273 959 diuturnitas
1298 925 1328 959 ei

169 1001 277 1048 magis
310 1001 415 1036 vitam
443 1000 638 1047 fugiendam
667 1000 766 1042 facit,
801 1013 872 1035 non
896 1002 970 1035 sine
994 1012 1093 1035 causa
1118 1000 1246 1035 dicitur
1270 1001 1330 1043 iis,

170 1076 230 1121 qui
254 1075 408 1122 pluribus
433 1075 644 1111 naturalibus
673 1076 741 1110 frui
765 1076 912 1122 possint,
937 1088 1008 1111 esse
1034 1077 1070 1110 in
1095 1076 1167 1111 vita
1190 1089 1329 1111 manen-

171 1158 271 1193 dum”
295 1159 358 1205 (1).
408 1156 492 1193 Φασὶ
520 1155 559 1192 δέ
585 1170 660 1192 ποτε
691 1154 734 1203 (οἱ
765 1154 916 1202 Στωϊκοί)
944 1155 998 1191 καὶ
1022 1158 1078 1195 τὴν
1099 1155 1264 1205 ἐξαγωγὴν
1292 1157 1327 1192 ἐι

168 1242 222 1277 τοῦ
256 1238 327 1288 βίου
360 1241 422 1281 τοῖς
454 1237 639 1280 σπουδαίοις
676 1238 870 1280 καθηκόντως
905 1233 1100 1288 (γίγνεσθαι)
1128 1239 1213 1275 κατὰ
1243 1238 1329 1276 πολ-

168 1321 239 1362 λοὺς
267 1323 415 1371 τρόπους,
448 1323 513 1361 τοῖς
549 1319 588 1356 δὲ
616 1320 744 1369 φαύλοις
773 1321 869 1368 μόνην
897 1319 930 1354 ἐν
956 1317 1002 1368 τῷ
1031 1322 1109 1367 ζῇν,
1138 1319 1192 1354 καὶ
1224 1321 1251 1355 εἰ
1280 1322 1325 1368 μὴ

169 1403 313 1453 μέλλοιεν
339 1404 462 1441 ἔσεσθαι
491 1404 592 1454 σοφοί·
625 1406 694 1440 οὕτε
720 1403 786 1454 γὰρ
814 1404 871 1442 τὴν
898 1404 1014 1453 ἀρετὴν
1042 1404 1191 1452 κατέχειν
1219 1403 1251 1439 ἐν
1280 1407 1325 1453 τῷ

170 1489 244 1535 ζῇν,
274 1488 342 1523 οὕτε
370 1487 426 1525 τὴν
455 1485 570 1521 κακίαν
597 1483 785 1532 ἐκβάλλειν,
820 1484 883 1525 τοῖς
909 1482 948 1520 δὲ
976 1483 1146 1523 καθήκουσι
1177 1483 1231 1519 καὶ
1262 1485 1325 1525 τοῖς

169 1568 259 1618 παρὰ
287 1567 322 1603 τὸ
350 1567 486 1606 καθῆκον
514 1566 695 1616 μετρεῖσθαι
724 1569 781 1604 τήν
809 1579 842 1601 τε
869 1566 954 1608 ζωὴν
983 1565 1036 1601 καὶ
1065 1566 1116 1602 τὸν
1145 1566 1291 1602 eduam.

217 1645 357 1692 Sapiens
379 1656 457 1680 vero
486 1644 552 1680 sibi
576 1656 696 1679 manus
720 1644 842 1679 inferre
864 1644 1013 1688 debebit,
1038 1646 1068 1680 si
1081 1646 1241 1682 virtutem
1254 1659 1325 1682 non

171 1722 314 1769 amplius
337 1721 530 1756 incolumen
564 1733 693 1756 servare
717 1721 850 1767 poterit.
901 1721 1016 1760 Quum
1042 1722 1132 1757 enim
1157 1723 1247 1768 apud
1273 1736 1325 1758 sa-

169 1798 316 1846 pientem
340 1796 381 1832 ab
402 1797 462 1839 iis,
480 1808 565 1842 quae
578 1795 763 1831 secundum
782 1798 939 1831 naturam
952 1798 1049 1839 sunt,
1074 1797 1188 1832 omnia
1212 1798 1324 1833 orian—

168 1878 227 1911 tur
263 1875 386 1917 officia,
427 1887 517 1909 nnon
548 1874 621 1908 sine
645 1886 745 1908 causa
770 1873 912 1916 dicitur,
938 1873 979 1908 ad
1004 1886 1042 1908 ea
1066 1875 1180 1909 referri
1210 1887 1325 1910 omnes

168 1956 301 1990 nostras
327 1952 565 2002 cogitationes,
589 1951 627 1987 in
656 1950 710 1987 his
735 1953 769 1987 et
793 1963 966 1987 excessum
992 1963 1010 1987 e
1041 1951 1113 1988 vita
1133 1954 1167 1988 et
1191 1951 1229 1988 in
1254 1953 1326 1989 vita

168 2031 395 2066 mansionem⁷⁷
423 2030 486 2075 (2).
536 2028 649 2063 Etiam
671 2027 897 2075 Chrysippum
918 2028 955 2062 id
977 2029 1136 2063 statuisse
1162 2029 1259 2064 docet
1275 2029 1326 2064 lo-

207 2246 246 2281 (1)
266 2244 326 2272 Cic.
347 2243 381 2270 de
399 2242 466 2270 Fin.
483 2242 541 2269 111.
559 2250 584 2268 c.
608 2244 652 2269 18.
691 2240 770 2268 Stob.
790 2241 834 2268 l.l.
859 2250 886 2276 p.
912 2244 976 2268 226.
997 2240 1042 2267 Ita
1064 2241 1139 2269 hunc
1154 2242 1247 2269 locum
1263 2252 1322 2270 cor-

168 2297 241 2324 rexit
267 2294 429 2329 Madvigius
460 2293 490 2319 in
522 2292 704 2320 annotatione
732 2292 767 2318 ad
786 2291 929 2318 Ciceronis
947 2292 1041 2318 locum
1062 2292 1147 2319 modo
1167 2293 1319 2320 laudatum.

168 2348 208 2383 (p.
232 2347 309 2382 452).

204 2399 243 2433 (2)
264 2397 378 2429 Cicero,
398 2397 441 2423 l.l.
481 2396 557 2422 Plut.
581 2395 624 2421 l.l.
649 2404 677 2430 p.
698 2397 766 2421 1039
784 2395 817 2421 F.
