1524 2932
757 179 799 212 71

193 278 286 314 Dein
313 277 484 325 probabile
508 279 613 323 dicit,
638 280 801 316 vitiosum
825 292 895 315 non
924 291 1053 328 semper
1075 279 1253 328 indulgere
1272 279 1352 316 libi-

196 354 280 389 dini.
329 353 432 393 Quod
456 355 587 392 dictum
616 357 646 391 si
671 356 822 403 accipere
840 355 958 392 liceret
979 355 1021 391 de
1040 356 1095 399 iis,
1119 357 1180 403 qui
1201 367 1353 392 sermone

195 428 328 477 vulgari
348 430 445 476 boni,
469 432 588 476 fortes,
611 431 742 476 timidi,
766 431 884 468 vitiosi
906 432 1083 476 dicuntur,
1096 434 1188 469 recte
1199 445 1235 469 se
1250 432 1354 469 habe-

199 508 260 542 ret.
320 507 455 544 Bonum
492 509 583 544 enim
625 508 680 544 vel
712 509 876 544 vitiosum
913 508 1059 555 aliquem
1089 508 1255 552 dicentes,
1284 522 1356 544 non

196 582 293 620 illum
314 596 443 621 summe
462 597 533 621 esse
553 585 680 621 bonum
702 585 756 621 vel
776 586 940 622 vitiosum
961 585 1209 622 contendimus
1246 585 1357 622 Aliter

196 674 274 698 vero
306 663 415 698 Stoici
454 676 460 697 :
498 662 535 697 hi
568 664 673 706 enim,
706 665 747 699 ut
779 675 880 711 supra
915 663 1079 707 vidimus,
1112 662 1265 698 homines
1299 666 1359 698 aut

196 739 301 775 malos
335 742 394 775 aut
427 739 534 775 bonos
567 739 717 775 dicentes
754 740 875 776 stricta
906 740 1084 776 verborum
1108 739 1360 787 significatione

197 816 344 857 servata,
368 825 438 849 non
459 816 615 861 poterant
639 827 709 850 non
734 816 773 850 in
797 827 923 850 errores
943 815 1102 850 incidere.
1151 816 1274 862 Itaque
1293 813 1359 850 hoc

196 891 297 925 etiam
329 889 406 925 loco
439 890 624 926 Plutarcho
658 891 911 926 concedendum
938 894 1005 934 est,
1038 890 1268 938 Chrysippum
1293 891 1359 926 sibi

196 978 401 1014 repugnasse
430 967 690 1002 contendentem
716 981 722 1002 :
759 979 849 1010 eum,
882 968 942 1014 qui
979 967 1032 1003 vel
1069 968 1165 1003 vitiis
1203 965 1360 1002 omnibus

197 1042 251 1079 vel
285 1043 473 1079 virtutibus
498 1043 670 1091 praeditus
696 1045 756 1088 sit,
790 1045 976 1080 necessario
1001 1044 1187 1080 secundum
1211 1043 1272 1079 has
1303 1042 1359 1079 vel
1414 1037 1416 1040 ’

200 1120 387 1156 secundum
412 1120 471 1156 illa
496 1133 592 1168 agere
617 1120 749 1164 debere,
780 1124 814 1156 et
838 1124 952 1157 tamen
977 1121 1103 1156 bonum
1132 1133 1202 1155 non
1232 1132 1360 1167 semper

199 1209 297 1244 agere
320 1197 471 1239 fortiter,
495 1196 621 1232 malum
645 1209 716 1232 non
741 1209 869 1244 semper
892 1196 1021 1232 timide.

249 1349 429 1389 Quomodo
454 1349 746 1396 interpretandum
767 1350 814 1384 sit
834 1348 923 1383 illud
944 1348 1136 1383 Stoicorum
1163 1347 1333 1382 decretum
1360 1360 1365 1380 :

203 1426 315 1461 omnia
331 1429 420 1461 recte
432 1426 544 1472 facta
565 1430 598 1461 et
624 1426 737 1461 omnia
764 1429 908 1472 peccata
937 1437 1008 1460 esse
1035 1424 1156 1472 paria,
1182 1435 1283 1470 supra
1310 1423 1363 1470 (1)

201 1503 499 1550 investigavimus,
536 1486 752 1548 vidimusque
774 1487 839 1538 hoc
863 1502 1029 1549 placitum
1054 1513 1131 1537 cum
1151 1512 1258 1549 grano
1284 1500 1364 1535 salis

200 1591 272 1615 esse
295 1579 572 1627 intelligendum,
606 1579 656 1614 ita
676 1582 716 1614 ut
745 1579 838 1626 paria
858 1591 897 1614 ea
925 1578 1077 1614 dicentes
1102 1590 1173 1614 non
1206 1580 1363 1625 putemus

202 1670 240 1693 ea
266 1656 364 1692 nulla
387 1668 429 1691 ex
449 1658 543 1702 parte
562 1667 633 1690 esse
658 1655 797 1690 diversa.

250 1732 434 1780 Chrysippi
458 1731 574 1775 verba,
610 1731 735 1778 quibus
771 1731 836 1767 hoc
872 1731 1037 1779 placitum
1061 1730 1196 1778 probat,
1234 1742 1254 1765 a
1277 1729 1362 1765 Plu-

202 1810 321 1847 tarcho
345 1823 377 1858 p.
400 1811 494 1845 1038
524 1810 569 1845 D.
594 1811 830 1845 memorantur.
892 1808 1103 1856 Chrysippus
1132 1808 1238 1851 enim,
1271 1819 1365 1842 men-

204 1889 299 1924 tione
334 1887 424 1923 facta
457 1886 499 1922 de
535 1886 831 1934 grandiloquentia
868 1898 953 1933 quae
986 1885 1133 1933 sapienti
1157 1897 1228 1920 non
1251 1884 1366 1920 minus

203 1983 305 2018 quam
349 1970 431 2006 Jovi
476 1973 563 2006 esset
608 1982 781 2013 concessa,
823 1969 994 2005 addidisse
1037 1968 1203 2016 reperitur
1241 1980 1248 2001 :
1285 1967 1365 2002 οὕτω

148 2079 153 2082 ,
203 2052 268 2096 τοῖς
295 2052 427 2102 ἀγαθοῖς
455 2057 552 2089 πᾶσι
582 2056 683 2089 ταῦτα
710 2056 880 2103 προσήκει,
912 2049 982 2089 κατ’
1011 2050 1097 2089 οὐθὲν
1141 2050 1366 2100 προεχομένοις

204 2134 265 2172 ὑπὸ
292 2137 346 2170 τοῦ
375 2134 462 2174 Διός.
521 2134 727 2171 Plutarchus
756 2135 837 2171 inde
869 2135 990 2178 efficit,
1020 2147 1095 2170 011111
1120 2132 1277 2181 probasse
1301 2132 1366 2168 hoc

245 2365 283 2397 (l)
303 2364 372 2398 Pag.
398 2366 432 2390 29
452 2372 493 2398 sq.
