1524 2932
716 216 758 249 17

149 320 321 370 ’λα’χιστον
345 319 450 362 ἄλλως
483 325 504 362 ἥ
536 322 621 359 κατά
653 321 705 359 τὸν
725 324 780 360 τοῦ
810 322 886 363 Διός
910 321 1013 372 λόγον’
1050 322 1084 359 ὃν
1113 328 1152 372 τῇ
1180 323 1319 374 Εἱμαρ-

159 403 237 451 μένῃ
271 402 323 439 τὸν
355 403 448 440 αὐτὸν
471 404 549 441 εἶναι
566 406 629 453 (1).
655 405 795 448 uNihil‚
819 406 950 453 inquit,
968 407 1180 454 singularum
1196 418 1318 445 rerum,

157 493 202 516 ne
235 480 413 518 minimum
449 482 585 531 quidem
615 482 687 518 fieri
711 479 823 530 potest
848 481 959 526 aliter,
992 494 1094 531 quam
1126 482 1312 518 secundum

159 574 368 600 communem
380 568 534 600 naturam
558 567 593 599 et
617 564 689 610 ejus
711 564 906 608 rationem;''
933 565 984 612 (2)
1012 563 1162 611 βιάζεται
1184 566 1204 603 ἡ
1229 565 1319 614 φύσις

159 643 205 696 τῷ
236 647 382 698 ἀναιτίῳ·
413 646 448 683 τὸ
472 646 615 682 ἀναίτιον
646 645 725 688 ὅλως
757 646 958 697 ἀνύπαρκτόν
989 645 1055 683 ἐστι
1083 646 1138 683 καί
1169 645 1204 683 τὸ
1214 645 1315 683 αὑτό-

154 742 256 777 ματον
295 731 358 778 (3).
412 730 608 765 Promiscue
639 742 715 765 eum
747 742 924 777 usurpasse
948 730 1086 774 Fatum,
1124 730 1312 767 Providen-

155 807 253 850 tiam,
290 819 453 843 summam
488 806 683 849 Rationem,
720 805 856 849 Jovem,
889 818 1099 843 communem
1132 807 1315 850 Naturam,

154 883 252 932 plura
270 897 334 919 nos
359 883 482 918 docent
506 884 723 932 antiquorum
746 884 943 919 testimonia
969 884 1033 931 (4).

201 961 380 997 Cernimus
401 959 583 1006 Chrysippi
605 959 808 1002 doctrinm,
833 962 999 1007 quatenus
1023 972 1064 995 ex
1085 959 1170 995 locis
1195 959 1313 995 lauda-

153 1036 201 1072 tis
227 1036 350 1071 confici
367 1037 493 1082 potest,
518 1035 656 1070 omnino
680 1034 928 1081 pantheismum
954 1035 1115 1079 redolere3
1140 1034 1314 1082 pantheis-

29 1112 43 1119 ⁴
104 1125 109 1160 j
152 1125 208 1148 mo
233 1115 344 1147 autem
368 1114 521 1159 accepto,
545 1112 574 1146 si
595 1111 661 1146 tibi
681 1114 834 1147 constare
853 1112 952 1155 velis,
977 1125 1110 1148 omnem
1121 1112 1312 1148 libertatem

151 1201 171 1225 a
194 1189 393 1225 necessitate
416 1187 643 1237 qualicunque
668 1187 893 1236 denegaturus
918 1200 962 1224 es.
995 1189 1044 1224 At
1065 1200 1144 1225 vero
1158 1188 1314 1224 doctrina

150 1265 210 1301 illa
239 1277 308 1300 non
344 1265 457 1312 potuit
493 1277 563 1300 non
597 1264 784 1312 discrepare
820 1265 861 1301 ab
895 1266 1131 1312 opinionibus,
1168 1267 1311 1314 quaein

153 1342 277 1391 vulgus
310 1342 510 1378 ferebantur.
560 1341 696 1389 Vulgus
720 1341 945 1389 polytheismo
970 1342 1105 1378 deditus
1126 1342 1313 1378 libertatem

150 1418 338 1455 voluntatis
375 1430 394 1453 a
429 1418 629 1453 necessitate
665 1418 799 1453 interna
831 1418 966 1453 facilius
990 1422 1121 1465 poterat
1146 1420 1310 1465 accipere,

149 1498 183 1532 et
206 1507 319 1531 revera
343 1495 480 1541 accepit.
541 1493 660 1529 Plures
681 1493 775 1529 illius
799 1493 967 1530 libertatis
993 1506 1126 1530 causam
1151 1497 1309 1543 egerunt,

147 1574 181 1606 et
213 1570 440 1617 Chrysippum
476 1573 716 1617 oppugnarunt
755 1570 818 1616 (5).
869 1570 997 1605 Noster
1022 1582 1114 1613 vero,
1152 1573 1211 1606 aut
1236 1583 1305 1606 non

147 1647 230 1684 satis
266 1646 486 1695 perspiciens,
515 1646 600 1695 quid
619 1659 660 1682 ex
684 1647 756 1682 suis
779 1646 916 1694 placitis
940 1651 1148 1696 sequeretur,
1174 1651 1233 1683 aut
1258 1649 1300 1684 ad

146 1723 270 1759 incitas
294 1722 449 1758 redactus
470 1722 511 1757 ab
524 1722 721 1758 adversariis
734 1725 768 1757 et
780 1723 905 1770 populo
919 1736 954 1758 se
967 1725 1218 1760 accommodare
1231 1729 1305 1760 stu-

148 1800 248 1843 dens,
281 1799 435 1847 pluribus
470 1799 555 1834 locis
588 1802 622 1835 et
648 1794 872 1847 polytheisino
898 1800 1110 1848 aliquatenus
1137 1800 1304 1837 calculum

144 1877 282 1924 adjecit,
307 1879 341 1911 et
360 1876 548 1911 libertatem
573 1888 591 1910 a
611 1876 810 1911 necessitate
834 1879 971 1911 externa
996 1877 1085 1912 tueri
1109 1877 1253 1912 studuit.

192 1951 391 1995 Videamus,
415 1950 583 1999 quomodo
603 1950 790 1986 libertatem
812 1950 905 1987 illam
928 1963 1005 1987 cum
1029 1952 1099 1987 fato
1122 1951 1303 1988 conciliare

144 2031 285 2064 conatus
310 2028 364 2062 sit.

179 2170 219 2205 (l)
239 2169 316 2197 Plut.
334 2169 368 2196 de
384 2168 471 2196 Stoic.
490 2168 620 2204 Repugn.
643 2178 670 2203 p.
695 2172 764 2197 1056
786 2168 820 2197 C.

179 2220 220 2256 (2)
239 2220 318 2248 Plut.
337 2219 381 2246 1.1.
402 2228 431 2255 p.
458 2221 528 2245 1050
550 2218 590 2246 A.

178 2272 217 2308 (3)
236 2271 314 2299 Plut.
334 2270 379 2298 1.1.
399 2279 428 2307 p.
456 2272 525 2297 1045
549 2269 584 2298 C.

178 2324 218 2358 (4)
237 2323 315 2350 Plut.
343 2322 387 2349 l.1.
408 2330 436 2357 p.
464 2323 534 2348 1050
552 2320 593 2348 A.
633 2320 712 2348 Stob.
736 2321 798 2348 Ecl.
825 2321 851 2348 1.
868 2329 893 2348 c.
912 2324 940 2348 6.
957 2330 986 2356 p.
1013 2324 1074 2348 180.
1100 2322 1155 2348 Ed.
1176 2321 1298 2349 Heeren.

138 2372 236 2401 Cicero
258 2374 293 2400 de
314 2373 382 2400 Nat.
399 2372 487 2400 Deor.
510 2371 535 2399 1.
556 2380 582 2399 c.
606 2374 649 2399 15.
689 2371 773 2399 Conf.
790 2371 876 2407 Diog.
900 2371 996 2399 La'ett.
1016 2371 1080 2399 Lib.
1104 2372 1175 2399 VII.
1198 2373 1214 2406 ξ
1236 2375 1298 2399 135.

176 2425 215 2460 (5)
236 2423 334 2452 Cicero
353 2424 388 2452 de
405 2423 492 2455 Fato,
513 2431 538 2451 c.
562 2425 606 2450 17.
647 2422 772 2455 Gellius,
793 2423 831 2451 N.
857 2422 895 2450 A.
920 2422 974 2450 VI.
1000 2432 1025 2450 c.
1047 2426 1074 2449 2.

1132 2479 1148 2497 ἦ
