1524 2932
747 216 790 249 12

244 321 303 358 Ne,
325 324 435 357 autem
468 320 505 355 iu
526 320 622 368 vagis
647 318 965 355 ratiocinationibus
987 319 1274 362 circumferamur,
1299 331 1354 354 ac-

197 399 312 431 curate
337 395 566 430 definiendum
591 397 658 437 est,
683 393 767 440 quid
790 393 945 429 libertate
974 393 1163 429 voluntatis
1192 394 1356 430 humanae

195 472 242 506 sit
277 471 548 519 intelligendum.
609 470 657 506 Et
681 473 781 518 egent
801 470 936 516 quidem
974 469 1054 505 haec
1085 470 1185 505 verba
1214 472 1356 507 arctiore

195 548 431 595 descriptione.
480 547 665 583 Libertatis
699 547 788 581 enim
811 546 908 581 notio
930 558 1007 581 cum
1031 546 1172 580 nonnisi
1201 547 1355 594 negatio-

194 637 271 661 nem
285 624 429 671 alicujus
442 624 652 660 necessitatis
671 624 843 659 contineat
858 623 927 671 (1),
951 624 1137 659 necessario
1163 623 1355 660 addendum

195 704 262 745 est,
295 713 475 750 quamnam
511 700 722 736 necessitatis
755 700 970 748 negationem
994 700 1059 737 hoc
1083 701 1158 736 loeo
1182 701 1354 750 intelliga-

194 790 279 813 mus.

243 852 387 900 Triplici
407 864 508 887 sensu
520 851 650 887 homini
671 851 808 888 libertas
830 851 1018 888 voluntatis
1043 853 1150 889 tribui
1163 856 1274 901 potest
1289 854 1353 901 (2).

195 930 311 964 Primo
348 929 484 975 quidem
520 928 658 964 libertas
695 929 786 963 omni
824 941 947 964 vacans
984 931 1185 966 necessitate
1217 932 1356 967 externa

197 1005 435 1051 (sttuiismo),
473 1004 545 1039 sive
581 1004 616 1039 vi
650 1004 879 1052 qualicunque
902 1004 1137 1041 indeclinabili
1163 1008 1257 1041 extra
1280 1019 1355 1054 per-

193 1093 310 1116 sonam
342 1080 490 1115 hominis
523 1081 642 1127 posita.
705 1080 796 1115 Dein
822 1094 828 1115 :
855 1080 992 1116 libertas
1025 1081 1067 1117 ab
1092 1083 1185 1118 omni
1218 1088 1355 1130 prorsus

194 1157 394 1193 necessitate
414 1157 591 1199 immunis,
608 1159 678 1191 tam
700 1158 838 1191 externa
851 1169 952 1204 quam
964 1157 1101 1193 interna
1116 1159 1149 1205 (a
1162 1159 1354 1195 Fatalismo

194 1233 297 1268 simul
329 1236 363 1268 et
399 1233 690 1279 Determini-ffmo)‚
728 1245 812 1280 quae
836 1232 967 1268 homini
1004 1234 1200 1269 facultatem
1237 1236 1355 1270 asserit

192 1310 316 1346 liberae
341 1309 532 1352 electionis,
560 1310 622 1356 (ita
646 1312 686 1344 ut
719 1309 771 1352 id,
796 1309 887 1357 quod
912 1310 998 1357 egit,
1023 1311 1123 1346 etiam
1149 1310 1246 1347 aliter
1259 1320 1355 1359 agere

191 1394 383 1440 potuisset‚)
411 1395 444 1427 et
458 1404 571 1426 casum
584 1391 779 1433 fortuitum,
805 1392 861 1428 τὴν
888 1391 1002 1438 τύχην,
1020 1391 1196 1427 admittere
1208 1392 1353 1428 videtur.

191 1462 352 1516 Denique*
374 1469 411 1503 in
432 1480 569 1502 censum
594 1468 689 1502 ven-it
714 1466 851 1502 libertas
873 1467 1009 1502 moralis
1036 1468 1153 1503 stricte
1175 1469 1225 1503 sic
1245 1468 1351 1511 dicta,

190 1544 250 1579 ubi
275 1543 381 1578 libera
402 1543 443 1578 ab
472 1543 565 1577 omni
590 1542 790 1576 necessitate
814 1541 971 1577 voluntas
998 1554 1075 1577 cum
1099 1542 1184 1590 legis
1217 1543 1353 1579 moralis

189 1619 376 1667 praeceptis
409 1631 546 1666 prorsus
573 1618 749 1660 convenit,
774 1621 874 1666 atque
907 1618 988 1654 adeo
1022 1620 1132 1654 omnis
1157 1632 1272 1668 pugna
1296 1622 1351 1656 in-

188 1701 240 1733 ter
263 1696 422 1732 moralem
446 1696 680 1731 necessitatem
702 1697 735 1730 et
767 1694 957 1731 libertatem
989 1696 1135 1732 tollitur.
1186 1697 1239 1732 De
1265 1697 1349 1733 duo-

190 1773 254 1808 bus
279 1772 450 1819 prioribus
474 1783 568 1806 nunc
589 1770 762 1806 videamus
791 1772 853 1818 (3).

238 1863 269 1885 a.
319 1849 473 1884 Primum
498 1847 634 1893 quidem
646 1847 860 1893 perspicuum
884 1850 950 1890 est,
975 1848 1039 1882 hoc
1061 1848 1136 1883 loco
1154 1861 1223 1883 non
1237 1850 1350 1895 quaeri

191 1926 231 1960 de
255 1925 411 1960 libertate
435 1936 454 1958 a
467 1924 665 1958 necessitate
689 1925 841 1964 externa,
866 1935 970 1968 quum
995 1927 1132 1959 eatenus
1153 1925 1288 1973 quidem
1310 1926 1351 1961 ab

227 2100 267 2134 (1)
289 2097 442 2134 „Libertas
460 2097 613 2125 voluntatis
632 2101 674 2126 cst
691 2098 806 2126 facultas
825 2098 926 2126 mentis
946 2098 1064 2132 agendi,
1085 2106 1102 2124 a
1120 2100 1175 2133 qua
1193 2099 1287 2126 omnis
1302 2107 1352 2127 ne-

187 2150 302 2178 cessitas
318 2152 426 2177 remota
439 2148 505 2176 sit.''
745 2149 948 2186 Wyttenbach‚
968 2149 1062 2176 Instit.
1086 2148 1212 2186 Metsph.
1233 2159 1262 2186 p.
1286 2153 1349 2178 113.

226 2201 266 2237 (2)
287 2200 371 2229 Conf.
395 2200 520 2228 Zellerus
548 2201 578 2228 in
604 2201 703 2229 Diario
730 2212 736 2229 :
769 2201 861 2229 Theol.
881 2201 1074 2235 ιῙαῘινόίλοῙκεν,
1097 2203 1244 2238 Jahrgang
1268 2205 1349 2231 1846.

187 2253 218 2281 S.
239 2255 306 2280 388.

226 2304 265 2337 (3)
285 2302 474 2335 Libertatem,
497 2311 580 2338 quam
604 2304 633 2330 h.
651 2303 672 2330 l.
692 2304 814 2331 diximus
831 2303 982 2337 moralem,
1006 2312 1063 2331 non
1083 2304 1112 2331 in
1125 2304 1240 2332 homine
1253 2304 1352 2339 vulga-

189 2357 228 2387 ri,
264 2355 312 2382 sed
348 2355 460 2382 nonnisi
490 2356 518 2381 in
543 2355 666 2390 sapiente
683 2356 835 2383 secundum
859 2356 968 2390 Stoicos
992 2356 1111 2383 inveniri
1139 2354 1239 2385 deinde
1278 2356 1351 2384 vide-

188 2407 289 2432 bimus.
