1524 2932
715 231 759 262 69

161 330 382 374 Plutarchus,
427 332 593 368 »smaximo
631 331 826 367 discrimine
868 342 887 365 a
920 330 1007 366 malo
1042 329 1170 372 differt,
1206 341 1319 365 nonne

161 411 306 447 maxime
326 410 507 447 absurdum
525 414 576 447 est
596 412 752 460 ignorare
776 410 936 457 aliquem,
962 411 991 446 si
1005 408 1077 446 'fiat
1100 410 1152 458 (l)
1179 409 1214 446 ἐκ
1234 410 1321 460 φαύ-

162 488 218 528 λὸυ
245 491 432 534 σπουδαῖος,
460 506 569 540 neque
595 505 671 528 eum
692 494 855 529 virtutem
880 504 966 538 quae
986 505 1063 527 cum
1084 493 1159 540 ipso
1180 494 1225 529 sit
1247 507 1323 529 sen-

161 568 248 612 tire,
266 569 324 605 sed
348 572 466 617 putare
490 581 525 605 se
549 567 661 604 adhuc
685 568 772 604 vitio
796 568 903 603 teneri
911 567 948 603 ?⁷'

209 645 351 693 Duplici
380 648 512 681 ratione
542 645 584 679 ad
608 644 696 679 hanc
721 645 953 690 quaestionem
978 644 1178 691 respondere
1206 657 1325 691 possu-

159 733 243 757 mus.
293 721 540 758 contendimus
565 720 655 756 enim
682 734 689 756 ε
714 732 784 756 non
805 732 877 756 esse
896 719 1095 764 absurdum,
1116 721 1145 756 si
1158 719 1328 769 paulisper

160 810 323 844 ponamus
338 793 415 833 'non
436 797 546 832 Stoici
567 797 668 832 verba
684 796 741 831 hic
754 797 929 832 recenseri.
966 797 1050 832 Non
1063 800 1114 832 est
1127 797 1326 839 absurdum,

161 875 224 912 sed,
240 876 448 923 saepissime,
472 875 510 910 ni
531 873 696 917 fallimur,
720 873 834 909 locum
857 873 974 917 habet,
988 873 1328 921 utaliquis,quume

160 952 285 987 vitioso
309 950 435 998 probus
461 950 536 993 fiat,
560 952 659 997 putet
684 961 720 985 se
745 949 857 985 adhuc
882 950 1046 986 vitiosum
1070 962 1156 994 esse,
1181 951 1250 986 imo
1278 952 1327 987 vi-

162 1027 336 1062 tiosiorem
371 1039 471 1073 quam
512 1028 625 1069 antea,
662 1038 767 1072 quum
801 1026 896 1061 vitiis
930 1029 1016 1061 esset
1050 1026 1194 1062 deditus.
1257 1027 1328 1066 Qui

160 1105 285 1140 virtuti
321 1116 392 1139 non
429 1104 641 1150 obsequitur,
686 1103 727 1138 de
764 1116 799 1139 se
829 1104 1008 1151 magnifice
1041 1104 1165 1139 sentire
1201 1106 1328 1151 potest,

162 1181 275 1216 animo
296 1181 648 1228 superbia'corruptm
680 1180 856 1227 paullatim
877 1192 955 1216 vero
983 1180 1179 1216 deteriorem
1201 1194 1236 1216 se
1258 1194 1330 1216 esse

161 1271 263 1304 quam
287 1261 437 1305 putarat,
463 1257 710 1301 animadvertit.
760 1257 873 1293 Pudet
893 1270 970 1293 eum
1002 1259 1166 1294 vitiorum
1196 1270 1329 1306 perver-

162 1334 259 1380 sique
291 1334 411 1376 animi;
449 1333 572 1368 virtuti
605 1344 738 1380 operam
773 1332 851 1367 dare
884 1333 1023 1380 incipit,
1062 1345 1162 1379 seque
1189 1334 1226 1369 in
1257 1334 1328 1369 dies

162 1409 283 1445 melius
316 1421 524 1457 cognoscens
550 1421 568 1444 e
593 1421 653 1444 sua
678 1409 838 1457 opinione
862 1409 1021 1452 deterior,
1052 1421 1164 1446 revera
1192 1410 1330 1458 probior

163 1486 286 1523 evadit.
346 1486 384 1521 Si
417 1486 466 1521 ita
499 1485 712 1533 Chrysippus
749 1486 972 1522 ratiocinatus
1009 1488 1110 1530 esset,
1147 1499 1217 1523 non
1242 1491 1329 1523 esset

163 1563 255 1609 quod
280 1563 354 1609 ejus
379 1563 582 1598 sententiam
612 1563 790 1598 absurdam
816 1563 1010 1598 diceremus.

212 1638 423 1686 Chrysippus
457 1650 536 1674 vero
570 1638 707 1673 Stoicus
741 1641 812 1674 erat
841 1638 1077 1686 philosophus,
1111 1639 1253 1686 ideoque
1277 1653 1328 1675 se-

165 1721 315 1756 cundum
336 1721 530 1756 Stoicorum
551 1721 677 1768 placita
699 1721 939 1768 dijudicandus
960 1725 1020 1757 est.
1069 1722 1197 1758 Eorum
1222 1724 1324 1772 σόφος,

163 1800 204 1834 ut
237 1800 334 1833 antea
366 1796 532 1841 vidimus,
564 1810 634 1833 non
668 1800 719 1833 est
751 1797 841 1834 idem
877 1800 977 1845 atque
1006 1798 1065 1834 ille
1097 1811 1198 1845 quem
1221 1800 1327 1849 vulgo

163 1879 334 1914 hominem
357 1878 500 1925 probum
525 1878 738 1926 appellamus.
764 1873 808 1914 ‘O
836 1881 927 1928 σόφος
952 1882 1003 1915 est
1027 1880 1129 1917 homo
1141 1883 1325 1930 perfectus,

164 1956 224 2002 qui
257 1968 300 1991 ne
333 1955 419 2003 fingi
452 1955 590 2002 quidem
626 1958 737 2003 potest
770 1969 805 1992 se
838 1957 950 2004 ipsum
982 1957 1147 2005 ignorare.
1197 1960 1327 1997 Audia-

164 2044 240 2067 mus
274 2032 405 2067 dictum
439 2031 621 2079 Chrysippi
655 2045 674 2067 a
706 2031 891 2068 Plutarcho
924 2045 955 2080 p.
982 2035 1076 2069 1038
1102 2034 1146 2069 D.
1172 2035 1327 2079 allatum,

165 2107 224 2143 ubi
250 2107 382 2154 sapiens
403 2106 428 2142 J
429 2108 485 2143 ovi
510 2119 570 2155 par
594 2107 744 2144 habetur.
798 2108 937 2152 nJovi,”
963 2109 1174 2158 Chrysippus
1198 2113 1328 2160 inquit,

168 2185 351 2220 nconvenit
382 2184 423 2219 de
455 2197 490 2219 se
511 2185 691 2232 magnifice
712 2186 852 2228 sentire,
889 2188 929 2221 ut
949 2187 1009 2232 qui
1031 2187 1327 2235 grandiloquentia

204 2373 243 2407 (l)
265 2372 361 2399 Minus
380 2375 453 2399 recte
473 2373 503 2399 in
526 2372 655 2399 versione
673 2371 759 2399 latina
777 2372 956 2400 inseruerunt
976 2372 1143 2401 vocabulum
1162 2374 1258 2402 subito.
1292 2377 1326 2404 In

164 2427 240 2451 textu
265 2432 322 2451 non
340 2423 426 2451 adest.
