1524 2932
747 232 790 266 79

185 335 246 371 illa
278 334 402 370 servari
435 335 557 382 possit,
590 334 627 369 id
660 347 728 370 non
764 346 847 380 opus
881 336 933 369 est
965 333 1120 380 pluribus
1150 333 1261 369 verbis
1287 334 1343 369 de-

187 412 420 445 monstremus.

236 486 351 532 Atque
374 485 456 522 haec
476 486 701 534 repugnantia
725 485 832 532 major
861 485 963 520 etiam
984 485 1172 528 videbitur,
1210 487 1239 521 si
1273 488 1347 522 ani-

189 561 430 599 madvertimus
455 563 586 599 diversa
610 561 671 596 illa
687 560 871 607 Chrysippi
888 561 988 595 effata
1003 561 1042 594 in
1054 561 1169 595 eodem
1179 563 1350 596 exstitisse

188 654 286 691 opere
307 657 313 679 :
339 643 370 680 ἐν
399 644 463 684 τοῖς
491 642 567 693 πρὸς
596 641 761 678 Πλάτωνα
788 640 860 692 περὶ
889 638 1092 682 δικαιοσύνης
1132 641 1196 689 (1).
1247 641 1350 682 Quod

189 720 219 755 si
240 732 310 755 non
343 721 393 756 ita
412 722 514 762 esset,
539 719 631 755 haud
659 718 893 766 improbabilis
923 719 1011 754 foret
1032 719 1242 765 conjectura,
1268 720 1352 755 alte-

192 808 267 832 rum
288 797 509 832 enunciatum
531 795 723 831 desumtum
740 807 811 831 csse
832 807 873 830 ex
894 806 1006 842 opere,
1032 807 1051 830 a
1075 794 1266 843 Chrysippo
1279 796 1352 843 (qui

166 868 174 873 ³
191 877 231 909 ut
264 877 385 909 notum
418 876 484 916 est,
509 873 675 919 permulta
705 874 833 918 scripto
854 872 1044 917 mandavit)
1069 872 1217 917 juvenili
1247 875 1354 907 aetate

192 950 362 993 confecto,
399 961 505 995 quum
540 948 694 984 nondum
719 948 802 984 satis
836 947 983 983 Zenonis
1021 947 1177 983 doctrina
1202 948 1355 984 imbutus

191 1030 287 1063 esset.
337 1026 454 1066 Quum
479 1037 558 1061 vero
583 1024 789 1060 Plutarchus
812 1024 921 1067 dicat,
947 1037 1023 1059 eum
1035 1024 1116 1059 haec
1130 1026 1305 1072 scripsisse
1317 1027 1354 1061 in

191 1102 295 1145 libro,
332 1102 370 1137 in
404 1114 471 1148 quo
504 1101 681 1137 Platonem
715 1104 749 1136 et
782 1101 1000 1137 Aristotelem
1026 1102 1256 1148 reprehendit,
1296 1106 1355 1139 aut

193 1177 376 1213 dicendum
406 1179 475 1220 est,
500 1176 743 1224 Chrysippum,
769 1176 911 1212 alterum
935 1176 1200 1224 reprehendendi
1225 1179 1356 1222 studio,

193 1254 396 1301 sibimetipsi
419 1265 537 1301 parum
563 1254 774 1297 constitisse;
801 1256 877 1295 aut,
902 1253 992 1299 quod
1016 1253 1226 1300 probabilius
1241 1254 1358 1298 credo,

193 1342 269 1365 emn
290 1329 371 1365 haec
392 1342 463 1365 non
485 1341 503 1364 e
523 1342 585 1364 sua
606 1329 664 1365 sed
685 1341 703 1364 e
723 1328 879 1364 Platonis
893 1332 1006 1364 mente
1019 1329 1231 1374 disseruisse,
1251 1330 1356 1377 idque

195 1406 420 1443 Plutarchum
440 1419 518 1454 prae
535 1407 643 1442 nimio
661 1405 820 1454 carpendi
838 1405 953 1441 studio
971 1406 1107 1454 fugisse.
1145 1406 1356 1454 Chrysippus

194 1495 314 1530 nempe
345 1482 413 1517 tale
437 1482 521 1529 quid
552 1482 680 1517 dixisse
709 1482 848 1518 videtur
874 1496 880 1517 :
917 1494 963 1517 ue
1001 1481 1154 1517 Platonis
1189 1485 1358 1520 sententia

194 1564 227 1600 αἱ
257 1561 369 1603 ἡδοναὶ
397 1563 440 1599 ad
464 1564 552 1599 bona
585 1564 700 1599 referri
729 1566 893 1610 possunt,
917 1576 988 1599 non
1021 1576 1099 1600 vero
1121 1564 1164 1599 ad
1189 1577 1358 1601 summum

195 1646 323 1681 bonum
349 1640 399 1690 (τὸ
426 1641 528 1692 τέλος)
535 1658 546 1691 3
573 1644 679 1691 idque
697 1644 789 1680 salva
801 1645 954 1692 justitia,
986 1657 1092 1691 quum
1113 1646 1195 1682 haec
1222 1648 1358 1694 (secun-

197 1722 278 1758 dum
315 1721 509 1769 Platonem)
536 1722 703 1769 pertineat
732 1722 774 1757 ad
811 1722 900 1758 bona
931 1722 1066 1769 majoris
1091 1724 1208 1769 pretii,
1233 1725 1359 1770 quibus

195 1804 297 1841 etiam
334 1802 367 1839 τὸ
398 1802 494 1839 καλὸν
532 1807 805 1840 annumeratur.”
875 1804 965 1839 Eum
1003 1795 1167 1853 'deinceps
1204 1806 1360 1844 Platonis

197 1882 400 1917 sententiam
417 1893 436 1916 e
448 1881 641 1917 Stoicorum
661 1885 774 1917 mente
792 1894 1004 1929 oppugnasse
1016 1883 1198 1919 verisimile
1217 1887 1278 1920 est.
1294 1886 1358 1933 (2).

237 2043 277 2078 (l)
297 2042 374 2070 Nam
395 2043 435 2070 ita
453 2050 524 2078 opus
540 2043 707 2079 inscriptum
724 2043 810 2071 fuisse
831 2048 1003 2072 memoratur
1021 2045 1097 2080 apud
1116 2045 1299 2073 Plutarchum
1318 2047 1362 2074 l.1.

197 2110 226 2137 p.
259 2103 330 2128 1040
348 2100 385 2127 B.
424 2099 528 2128 Paullo
550 2104 614 2136 post
635 2101 727 2136 agitur
749 2102 783 2129 de
808 2102 887 2129 libris
907 2099 970 2140 περὶ
1005 2098 1207 2137 δικαιοσύνης,
1242 2103 1308 2131 dein
1327 2104 1363 2132 de

197 2157 276 2187 libris
295 2152 364 2196 πρὸς
385 2154 540 2185 Πλάτωνα.

235 2210 276 2245 (2)
296 2208 410 2244 Optime
435 2209 490 2236 tale
514 2209 582 2244 quid
616 2217 681 2237 cum
699 2210 827 2238 Platonis
846 2211 973 2239 doctrina
991 2220 1144 2247 congruere
1165 2212 1246 2240 docet
1266 2212 1362 2246 locus,

197 2261 246 2298 qui
262 2264 304 2289 est
321 2260 355 2288 de
373 2260 527 2296 Republica
548 2270 578 2297 p.
600 2262 652 2289 357
672 2262 789 2290 Β-358
805 2261 845 2290 A.
865 2263 910 2290 Ibi
926 2263 979 2291 tria
991 2263 1124 2291 discernit
1132 2263 1215 2292 Plato
1224 2264 1364 2292 bonorum

198 2321 302 2349 genera
326 2322 332 2339 ε
353 2321 457 2346 unum,
491 2312 567 2347 quod
594 2321 644 2348 per
675 2321 704 2341 se
731 2314 919 2349 expetendum
942 2315 997 2348 sit,
1026 2315 1105 2342 nulla
1124 2315 1252 2343 utilitatis
1270 2316 1365 2343 habita

199 2372 309 2399 ratione
336 2364 408 2405 (οἷον
441 2366 474 2397 τὸ
508 2368 619 2409 χαίρειν
654 2368 702 2397 καὶ
737 2368 767 2397 αἱ
801 2368 906 2402 ἡδοναὶ
930 2368 998 2400 ’ὅσαι
1021 2367 1198 2410 ἀβλαβεῖς);
1226 2371 1364 2404 alterum,

200 2422 275 2456 quod
310 2426 338 2449 et
368 2430 417 2458 per
449 2430 478 2450 se
509 2422 602 2458 ipsum
639 2422 675 2450 sit
704 2424 822 2451 amabile
850 2428 877 2452 et
908 2428 1021 2459 propter
1051 2424 1263 2452 commodorum
1295 2422 1368 2449 fruc-
