1524 2932
753 243 796 276 32

191 365 250 399 τα,
279 351 335 387 οὺκ
363 354 407 388 ἔτι
436 348 468 386 δ’
499 354 592 400 ὅμοια
619 352 683 399 (1).
734 351 830 391 Quae
851 351 940 398 apud
965 352 1146 389 Stobaeum
1167 352 1232 389 hoc
1252 351 1352 389 modo

189 429 415 465 illustrantur.
465 429 556 464 Sunt
585 429 761 476 aequalia,
786 428 878 476 quod
904 428 946 464 ab
978 441 1048 464 uno
1073 430 1152 465 vitii
1180 433 1351 478 tamquam

189 507 285 542 fonte
307 507 499 554 profluunt,
523 509 557 542 et
582 505 724 554 proinde
740 505 853 542 eadem
870 506 1002 542 trutina
1022 506 1239 553 ponderanda
1260 509 1350 543 sunt.

190 582 282 619 Sunt
301 583 503 626 dissimilia,
528 583 620 632 quod
654 583 803 619 diversae
827 595 880 619 res
901 584 1059 618 externae
1078 583 1123 617 iis
1148 586 1351 627 occurrunt,

190 661 292 708 atque
314 660 378 703 ita,
403 659 495 708 quod
520 659 562 694 ad
599 659 796 707 qualitatem
825 660 965 703 attinet,
992 659 1161 695 diffenmt.
1222 660 1348 696 Exem-

190 735 284 782 plum
309 736 447 770 affertur
466 734 643 770 mendacii.
695 735 805 771 Omne
824 736 1038 771 mendacium
1063 748 1166 784 aeque
1186 738 1237 771 est
1257 749 1351 773 men-

192 811 341 855 dacium3
367 824 438 847 non
463 824 578 847 omnes
603 824 697 855 vero,
723 813 783 861 qui
804 813 1034 856 mentiuntur,
1060 814 1352 862 aequelmentiun-

188 890 256 922 tur.
282 887 354 927 Qui
378 888 469 923 enim
485 890 621 923 noctem
645 900 716 923 esse
738 888 839 931 dicit,
865 900 942 924 cum
963 888 1035 924 dies
1056 890 1118 932 sit,
1143 889 1208 926 alia
1219 889 1352 926 ratione

189 966 371 1008 mentitur,
408 968 509 1011 atque
528 964 601 1008 ille,
625 966 686 1014 qui
706 966 819 1001 vivere
838 965 1140 1014 hippocentaurum
1165 966 1352 1002 contendit.

190 1040 284 1076 Illud
309 1041 381 1076 fieri
411 1043 538 1088 potest,
562 1040 628 1077 hoc
653 1041 725 1077 fieri
758 1054 828 1077 non
857 1045 978 1090 potest.
1028 1043 1087 1079 Sic
1112 1045 1263 1091 peccata,
1293 1055 1352 1091 per

191 1131 226 1155 se
250 1121 415 1167 spectata,
446 1120 559 1155 omnia
585 1122 667 1156 sunt
692 1121 843 1169 aequalia
865 1122 935 1169 (2),
960 1122 1123 1171 qualitate
1148 1135 1226 1159 vero
1256 1122 1352 1158 diffe-

188 1198 280 1231 runt.

237 1272 443 1308 Plutarchus
463 1273 536 1319 ipse
556 1271 738 1320 Chrysippi
763 1251 876 1309 locum
906 1275 1016 1316 affert,
1041 1274 1133 1309 unde
1160 1273 1351 1310 luculenter

189 1356 282 1401 patet
315 1365 407 1396 eum,
443 1352 525 1387 licet
554 1355 644 1388 recte
673 1353 762 1388 facta
794 1354 828 1388 et
860 1355 997 1400 peccata
1025 1352 1176 1401 aequalia
1209 1352 1350 1396 dixerit,

189 1430 354 1478 qualitate
378 1432 492 1465 tamen
513 1441 551 1464 ea
572 1441 591 1463 a
620 1441 656 1464 se
679 1429 827 1464 invicem
850 1428 1057 1464 distinxisse.
1118 1428 1173 1464 De
1192 1428 1247 1464 his
1272 1440 1351 1465 vero

191 1508 281 1542 infra
305 1506 472 1542 monituri
498 1518 624 1541 sumus.
653 1505 758 1553 (Part.
784 1506 833 1541 II.
857 1518 927 1553 cap.
949 1506 1014 1553 Π.)

237 1584 323 1619 Prae
349 1584 468 1619 ceteris
491 1583 617 1631 dignus
642 1585 708 1626 est,
734 1583 793 1630 qui
818 1582 859 1618 de
882 1581 948 1617 hoc
972 1582 1165 1617 Stoicorum
1195 1581 1351 1630 dogmate

189 1660 329 1695 omnino
352 1659 558 1701 consulatur,
580 1657 851 1706 elegantissimus
873 1658 1019 1692 Graecae
1040 1656 1272 1704 philosophiae
1294 1657 1349 1692 in-

188 1738 330 1783 terpres,
364 1735 499 1778 Cicero,
532 1735 570 1769 in
603 1733 767 1781 opusculo
804 1733 897 1782 quod
930 1733 1130 1769 inscribitur
1165 1733 1351 1768 Paradoaea

190 1812 209 1857 ξ
234 1813 387 1846 20-26.
452 1810 653 1852 nPeccata,”
690 1810 821 1857 inquit,
860 1821 951 1844 nnon
976 1821 1088 1844 rerum
1115 1811 1254 1852 eventu,
1291 1808 1349 1843 sed

189 1887 284 1921 vitiis
308 1886 485 1921 hominum
505 1884 675 1920 metienda
695 1887 786 1919 sunt.
835 1885 880 1919 In
903 1896 972 1932 quo
995 1886 1168 1931 peccatur,
1188 1883 1226 1918 id
1237 1886 1350 1931 potest

190 1962 284 1997 aliud
306 1961 372 1997 alio
397 1961 505 2008 majus
526 1973 597 1996 esse
617 1964 676 1996 aut
701 1961 815 1995 minus
834 1974 840 1995 :
866 1961 978 2007 ipsum
999 1960 1135 2008 quidem
1160 1960 1247 1995 illud
1271 1972 1348 2007 pec-

189 2051 278 2082 care,
312 2050 448 2087 quoquo
477 2037 631 2080 verteris,
662 2050 768 2073 unum
793 2040 853 2073 est.
878 2059 927 2064 —
951 2059 999 2063 —
1024 2037 1167 2073 Peccare
1191 2040 1242 2074 est
1262 2041 1348 2074 tam-

226 2216 267 2252 (1)
288 2215 441 2250 Stobaeus,
470 2216 515 2243 1.1.
542 2231 576 2235 —
608 2215 740 2251 Lipsius,
773 2214 892 2243 Manud.
924 2215 960 2242 ad
985 2214 1073 2243 Stoic.
1093 2215 1202 2243 Philos.
1222 2214 1279 2242 ΠΙ.
1300 2217 1347 2241 21.

187 2268 256 2295 haec
275 2266 427 2302 Chrysippi
445 2275 505 2294 esse
523 2266 648 2301 conjicit.

225 2323 265 2357 (2)
285 2317 318 2352 ‘O
353 2320 453 2352 ἑκατὸν
487 2320 624 2355 σταδίους
645 2321 762 2362 ἀπέχων
784 2320 944 2361 Κανώβου,
975 2320 1025 2350 καὶ
1048 2319 1063 2350 ὀ
1087 2320 1153 2356 ἕνα,
1177 2318 1278 2353 ἐπίσης
1299 2318 1349 2349 οὐκ

187 2381 260 2412 εἰσὶν
283 2381 311 2410 ἑν
334 2379 473 2420 Κανώβῳ”
500 2380 573 2409 οὕτω
597 2379 645 2409 καὶ
669 2378 684 2409 ὃ
706 2378 803 2409 πλεῖον
818 2377 894 2408 καὶὸ
913 2376 1032 2409 ἔλαττον
1055 2378 1226 2418 ἁμαρτάνων
1249 2376 1349 2410 ἐπίσης

189 2440 238 2469 οὐκ
262 2439 332 2469 εἰσὶν
361 2439 387 2467 ἐν
412 2442 451 2477 τῷ
474 2438 640 2478 κατορθοῦν.
667 2458 701 2463 -
722 2442 809 2477 Diog.
830 2442 864 2469 L.
886 2442 950 2470 Lib.
971 2442 1041 2470 VII.
1062 2442 1078 2476 ξ
1101 2445 1161 2469 120.
