1524 2932
724 207 740 239 1
747 206 767 239 :3

170 309 326 346 omnibus
353 309 600 356 antiquioribus
625 308 850 356 philosophiS‚
883 309 912 344 si
936 311 1026 344 recte
1051 309 1163 351 video,
1193 309 1321 346 homini

171 385 309 421 libertas
330 387 503 420 asseratur.
541 385 616 420 Nec
636 397 720 431 opus
741 386 807 426 est,
828 386 867 418 ut
891 384 967 430 quis
991 383 1055 419 hac
1077 384 1118 419 de
1134 395 1169 419 re
1182 384 1324 420 dubitet.

172 460 313 497 Sublata
336 461 425 496 enim
449 461 509 496 illa
533 461 703 503 libertate,
729 460 770 495 de
781 459 957 495 voluntate
977 459 1124 495 hominis
1138 472 1244 496 sermo
1256 473 1327 496 esse

171 549 242 572 non
266 538 391 583 potest3
417 537 485 572 imo
510 536 668 572 voluntas
689 535 763 582 ipsa
787 547 923 582 prorsus
944 535 1094 578 tollitur,
1119 539 1152 572 et
1173 549 1244 572 non
1256 549 1325 572 ma-

170 615 224 663 gis
260 613 390 651 homini
423 614 557 662 propria
587 612 745 649 voluntas
769 616 821 648 est
845 612 1025 648 tribuenda
1049 625 1149 660 quam
1174 613 1232 649 alii
1254 615 1327 649 cui-

171 691 225 728 vis
249 691 396 739 negotio.

220 766 447 813 Chrysippus,
484 768 641 800 narrante
664 766 705 800 A.
739 765 851 800 Gellio
878 766 949 812 (l),
985 766 1093 801 fatum
1125 779 1197 801 esse
1222 766 1327 809 dixit,

174 841 469 878 asindeelinabilem
501 843 534 877 et
559 841 793 888 sempiternam
819 841 988 888 quandam
1017 842 1135 876 seriem
1155 854 1265 878 rerum
1295 846 1329 878 et

172 921 323 955 catenam
347 918 539 954 volventem
563 920 666 952 semet
689 918 811 964 ipsam,
849 929 920 952 sese
947 919 982 952 et
1013 917 1242 964 implicantem
1272 930 1330 966 per

172 997 322 1030 aeternos
347 993 606 1039 consequentiae
630 992 779 1035 ordines,
804 1005 845 1027 ex
870 992 993 1038 quibus
1015 996 1092 1040 apta
1113 1006 1330 1041 connexaque

171 1072 257 1113 est;''
283 1081 429 1116 quocum
454 1069 614 1117 congruit
626 1069 699 1116 ejus
717 1068 807 1116 apud
831 1067 1054 1104 Plutarchum
1079 1068 1233 1105 definitio
1254 1071 1329 1118 (2):

171 1151 261 1187 αἰτία
287 1150 432 1192 ἀνίκητος
459 1149 513 1185 καὶ
541 1149 703 1192 ἀκώλυτος
730 1149 784 1186 καὶ
803 1153 967 1201 ἄτρεπτος.
1020 1152 1115 1188 Huic
1137 1153 1330 1189 definitioni

172 1227 353 1263 adversarii
366 1227 415 1262 ita
435 1226 667 1273 obloquuntur
688 1240 695 1261 :
723 1226 783 1262 aSi
805 1226 1032 1275 Chrysippus,
1056 1229 1236 1275 inquiunt,
1261 1230 1331 1265 fato

172 1305 271 1351 putat
295 1302 408 1337 omnia
431 1302 558 1338 moveri
583 1304 617 1337 et
653 1302 741 1350 regi,
778 1314 840 1338 nec
866 1302 1029 1339 declinari
1053 1305 1332 1354 transscendique

172 1392 270 1427 posse
297 1379 432 1426 agmina
464 1379 527 1413 fati
551 1381 585 1413 et
618 1378 806 1422 volumina,
830 1382 967 1426 peccata
991 1392 1125 1428 quoque
1156 1380 1331 1416 hominum

173 1460 207 1493 et
233 1456 358 1492 delicta
377 1468 448 1491 non
471 1455 665 1491 inducenda
677 1458 759 1491 sunt
776 1456 860 1503 ipsis
880 1456 1183 1505 voluntatibusque
1206 1470 1331 1501 eorum,

173 1533 232 1568 sed
257 1533 450 1568 necessitati
484 1531 618 1566 cuidam
651 1534 684 1566 et
709 1532 907 1574 instantiae,
936 1544 1023 1580 quae
1046 1533 1154 1568 oritur
1178 1544 1219 1568 ex
1244 1533 1330 1575 fat03

174 1610 325 1645 omnium
346 1621 431 1657 quae
454 1608 501 1643 sit
524 1619 634 1643 rerum
649 1606 783 1643 domina
807 1610 841 1643 et
862 1607 1002 1651 arbitra,
1014 1621 1073 1655 per
1084 1621 1185 1657 quam
1197 1621 1332 1645 necesse

174 1687 221 1721 sit
254 1685 325 1720 fieri
362 1683 530 1733 quidquid
566 1684 719 1719 futurum
751 1686 822 1726 est3
860 1686 893 1719 et
929 1687 1102 1731 propterea
1134 1686 1331 1721 nocentium

173 1774 296 1809 poenas
316 1760 448 1809 legibus
478 1761 596 1808 inique
620 1760 840 1803 constitutas,
865 1760 895 1795 si
919 1758 1071 1796 homines
1105 1760 1148 1796 ad
1168 1761 1332 1797 maleficia

176 1851 246 1875 non
267 1840 387 1885 sponte
410 1836 569 1879 veniunt,
594 1836 653 1871 sed
677 1836 747 1871 fato
768 1835 981 1880 trahuntur.”

223 1915 359 1955 Quibus
370 1914 453 1949 haec
465 1914 532 1949 fere
543 1914 677 1961 reponit
691 1912 901 1960 Chrysippus
927 1926 933 1948 :
957 1929 976 1947 as
981 1913 1192 1960 Quamquam
1205 1915 1254 1949 ita
1272 1916 1333 1958 sit,

212 2105 253 2140 (1)
273 2104 376 2131 Noctes
395 2102 507 2130 Atticae
529 2102 594 2130 Lib.
614 2103 669 2130 VI.
689 2112 714 2130 c.
740 2106 767 2129 2.
792 2118 827 2123 —
854 2102 1007 2138 Chrysippi
1026 2104 1110 2130 verba
1119 2104 1159 2130 sic
1168 2112 1197 2131 se
1211 2103 1333 2131 habent:

176 2159 339 2201 Εἱμαρμένη
376 2157 436 2188 ἐστι
463 2159 565 2198 φυσική
590 2157 634 2192 τὶς
656 2157 790 2194 σύνταξις
810 2161 865 2187 τῶν
887 2156 958 2187 ’ὀλων
982 2158 1013 2195 ἐξ
1036 2157 1132 2188 ἀϊδίου
1155 2163 1210 2189 τῶν
1233 2159 1334 2199 ἑτέρων

176 2222 236 2251 τοῖς
267 2217 371 2258 ἑτέροις
401 2215 664 2245 ἐπακολουθούντων
679 2238 688 2251 ,
724 2214 773 2245 καὶ
805 2214 877 2255 μετὰ
900 2214 973 2245 πολὺ
995 2214 1046 2256 μὲν
1069 2212 1117 2246 οὖν
1140 2216 1334 2257 ἀπαραβάτου

176 2273 263 2309 οὔσης
284 2278 335 2309 τῆς
355 2274 490 2307 τοιαύτης
511 2272 686 2313 συμπλοκῆς.
709 2293 744 2297 -
763 2277 876 2313 Lipsius
899 2278 1039 2313 (Physiol.
1059 2278 1145 2306 Stoic.
1167 2280 1192 2306 Ι.
1204 2280 1272 2306 diss.
1290 2281 1334 2314 12)

176 2346 227 2373 pro
245 2332 317 2374 μετὰ
338 2331 411 2363 πολὺ
431 2336 498 2371 legit
516 2330 710 2372 ἀμεταβὸλου.

215 2389 255 2423 (2)
277 2388 322 2416 De
340 2387 459 2416 Stoicor.
483 2387 612 2422 Repugn.
633 2395 662 2422 p.
690 2389 760 2414 1056
783 2386 818 2415 C.
