1524 2932
715 220 758 253 47

158 332 249 361 eum,
273 320 333 364 qui
355 332 390 354 se
414 331 431 354 e
452 320 600 356 Leucata
623 322 909 368 praecipitaverit,
935 322 1103 356 sustinere
1136 333 1186 363 se,
1211 333 1314 366 quum

157 393 250 430 velit.
300 394 350 431 Ut
374 396 462 432 enim
496 397 532 433 id
561 410 632 434 non
658 400 786 446 potest,
811 398 861 433 sic
886 398 1018 433 animus
1043 397 1259 445 perturbatus
1283 400 1317 433 et

158 471 323 507 incitatus
343 485 405 508 nec
430 473 585 510 cohibere
609 487 645 509 se
668 477 796 521 potest,
826 486 903 516 nec,
928 486 997 520 quo
1021 474 1097 509 loco
1118 474 1209 517 vult,
1235 486 1316 510 con-

158 548 276 584 sistere
297 563 304 584 :
329 551 549 598 omninoque,
573 563 659 598 quae
679 551 864 587 crescentia
872 550 1062 598 perniciosa
1082 553 1179 594 sunt,
1204 551 1318 586 eadem

160 628 242 661 sunt
270 627 394 663 vitiosa
422 628 606 663 nascentia.
667 627 857 675 Aegritudo
887 630 999 663 autem
1025 630 1217 673 ceteraeque
1245 638 1319 673 per-

162 701 382 747 turbationes,
403 703 627 750 amplificatae
651 706 749 747 certe,
774 704 949 751 pestiferae
962 707 1043 739 sunt
1066 717 1072 739 :
1098 704 1207 751 igitur
1219 703 1321 738 etiam

160 781 333 826 susceptae
354 779 518 814 continuo
539 779 577 814 in
601 791 723 827 magna
744 780 849 827 pestis
873 782 967 826 parte
991 782 1178 815 versantur.
1239 778 1321 814 Ete-

160 856 232 891 nim
256 856 348 903 ipsae
372 868 407 891 se
431 856 627 904 impellunt,
651 857 712 892 ubi
735 857 836 892 semel
849 869 868 892 a
889 857 1021 892 ratione
1045 856 1229 892 discessum
1249 859 1322 892 est:

160 934 300 981 ipsaque
320 933 386 970 sibi
410 933 625 970 imbecillitas
658 933 831 982 indulget,
856 934 893 969 in
919 933 1094 980 altumque
1125 932 1324 980 provehitur

162 1009 373 1057 imprudens,
397 1021 461 1045 neo
487 1011 611 1058 reperit
639 1010 753 1046 10011111
784 1009 1004 1046 consistendi.
1054 1009 1165 1049 Quam
1187 1009 1230 1045 ob
1254 1020 1324 1044 rem

160 1085 250 1121 nihil
282 1087 437 1130 interest,
472 1090 588 1122 utrum
612 1087 799 1123 moderatas
824 1088 1092 1135 perturbationes
1118 1087 1322 1134 approbent,

162 1175 205 1198 an
242 1163 446 1199 moderatam
478 1164 693 1212 injustitiam.
752 1164 823 1204 Qui
848 1165 938 1204 enim
963 1165 1059 1201 vitiis
1088 1164 1227 1200 modum
1260 1164 1326 1199 im-

163 1241 276 1287 ponit,
300 1241 330 1275 is
354 1244 482 1288 partem
502 1242 647 1289 suscipit
668 1242 840 1278 vitiorum.
890 1242 994 1281 Quod
1013 1254 1119 1288 quum
1144 1242 1255 1289 ipsum
1267 1253 1326 1288 per

163 1329 199 1352 se
222 1317 377 1353 odiosum
402 1320 468 1361 est,
503 1321 579 1354 tum
612 1331 651 1353 eo
675 1318 866 1362 molestius,
891 1320 972 1365 quia
1009 1321 1090 1354 sunt
1115 1320 1152 1354 in
1177 1318 1325 1361 lubrico,

163 1393 372 1440 incitataque
393 1394 493 1429 semel
510 1394 660 1442 proclive
679 1395 842 1432 labuntur
860 1397 1088 1443 sustinerique
1108 1396 1204 1432 nullo
1222 1396 1323 1432 modo

163 1473 337 1517 possunt.''
365 1471 429 1519 (1).

212 1547 354 1594 Sapiens
387 1548 514 1595 igitur,
547 1548 628 1584 licet
669 1550 700 1583 ei
735 1549 892 1585 accidant
925 1562 1010 1596 quae
1042 1549 1147 1598 vulgo
1180 1562 1232 1584 res
1266 1549 1325 1584 ad-

164 1607 281 1666 versae·
308 1630 485 1675 dicuntur,
519 1643 556 1666 ea
589 1631 632 1666 ad
664 1644 699 1666 se
731 1643 801 1666 non
832 1632 999 1678 pertinere
1022 1634 1130 1679 putat.
1180 1627 1326 1672 Ἀπαθὴς

165 1711 182 1747 ὁ
221 1714 312 1762 σόφος
351 1709 411 1747 διὰ
448 1711 483 1748 τὸ
518 1713 722 1762 ἀνέμπτωτον
762 1713 840 1749 εἶναι
872 1714 936 1761 (2).
985 1713 1049 1750 Est
1076 1714 1207 1749 usaevis
1231 1716 1326 1749 tran—

164 1792 293 1839 quillus
325 1792 364 1827 in
396 1791 529 1827 undis.''
578 1791 647 1826 Res
679 1792 771 1838 ipsae
802 1790 902 1826 nobis
927 1802 1047 1826 nocere
1071 1803 1141 1825 non
1167 1793 1328 1838 possunt3

165 1872 266 1906 nocet
293 1881 371 1906 vero
396 1871 513 1905 nostra
538 1868 671 1915 opinio,
695 1869 764 1914 qua
788 1880 840 1911 ea,
865 1880 950 1914 quae
974 1867 1016 1903 ad
1040 1880 1103 1903 nos
1128 1880 1199 1903 non
1223 1867 1328 1915 perti-

166 1950 269 1993 nent,
293 1949 327 1982 et
352 1959 436 1993 quae
456 1958 564 1993 neque
588 1946 711 1982 virtuti
735 1957 844 1992 neque
867 1945 1025 1980 felicitati
1049 1946 1184 1980 nostrae
1198 1943 1328 1990 aliquid

168 2025 282 2062 damni
307 2027 451 2073 possunt
475 2025 605 2067 afferre,
635 2025 752 2059 nostra
775 2035 847 2059 esse
876 2025 1044 2070 putamus.
1095 2022 1191 2058 Hinc
1221 2021 1329 2070 aegri-

205 2244 245 2280 (l)
266 2242 328 2271 Cic.
351 2242 438 2270 Tusc.
458 2240 577 2275 Quaest.
594 2240 650 2268 IV.
670 2248 696 2268 0.
723 2243 767 2267 18.

206 2297 246 2333 (2)
268 2295 353 2332 Diog.
385 2294 420 2322 L.
453 2292 518 2321 Lib.
547 2292 619 2321 VII.
650 2293 666 2328 ξ
697 2291 756 2319 117.
786 2290 885 2319 Cicero
912 2290 947 2318 dc
966 2289 1033 2317 Fin.
1049 2289 1106 2317 111.
1127 2298 1153 2317 0.
1177 2292 1220 2316 10.
1241 2288 1325 2317 Conf.

169 2354 320 2389 Stobaeus,
341 2353 385 2381 l.l.
406 2362 434 2388 p.
458 2355 520 2380 182.
553 2348 745 2388 Εὐεμπτωσία
782 2345 843 2376 ἔστι
868 2346 1059 2385 εὐκαταφορίαι
1082 2347 1265 2384 (proclivitas)
1288 2345 1326 2377 εἰς

170 2411 258 2444 πάθος
263 2433 269 2440 .
