1524 2932
750 253 793 286 29

190 361 297 409 ψυχῆς
330 355 573 396 καθ’ὑπόστασιν
606 362 677 408 (1),
702 360 786 409 quid
811 360 996 407 excogitari
1021 362 1148 406 potest,
1174 359 1264 406 quod
1290 371 1351 394 nos

191 450 411 498 promptiores
446 450 579 494 reddat,
616 453 656 486 ut
692 450 853 486 virtutem
887 448 1135 485 immaculatam
1165 452 1352 492 sei-Vemus,

193 528 294 575 atque
321 525 363 562 ad
394 539 467 562 eam
499 525 725 568 retinendam,
762 525 793 560 si
825 536 910 572 opus
942 525 1024 568 erit,
1058 524 1197 560 divitias
1221 524 1352 573 aliaque

192 603 306 639 omnia
328 603 468 639 minoris
491 602 671 638 habeamus
691 601 802 649 pretii.
854 601 914 636 nSi
935 601 1027 636 enim
1042 601 1096 648 (ut
1108 600 1283 637 Ciceronis
1298 601 1350 648 (2)

192 678 303 715 verbis
326 680 416 727 utar)
440 671 524 728 quid
545 678 587 713 de
606 677 796 714 Corinthiis
825 678 896 714 tuis
922 678 1087 722 amiseris,
1113 675 1180 714 scis
1202 680 1236 713 te
1256 690 1354 726 posse

191 755 354 805 reliquam
384 756 505 792 habere
536 755 778 803 supellectilem
810 756 952 800 salvam,
985 757 1147 793 virtutem
1182 759 1293 793 autem
1320 757 1349 792 si

192 845 294 869 unam
327 833 499 868 confessus
531 832 596 867 eris
629 834 664 867 te
687 844 757 867 non
786 831 921 875 habere,
945 832 1075 868 nullam
1099 836 1135 868 te
1158 845 1229 868 esse
1252 832 1349 868 habi-

194 911 339 944 turum.''

250 1082 300 1117 ΙΙ.
352 1082 474 1117 Omnia
496 1086 585 1117 recte
597 1083 708 1129 saeta
733 1087 766 1118 et
791 1084 902 1118 omnia
921 1088 1065 1130 peccata
1089 1096 1160 1119 esse
1179 1085 1294 1130 paria.

244 1230 390 1276 Zenonis
414 1252 485 1276 esse
507 1240 671 1288 placitum
695 1242 807 1277 omnia
825 1245 969 1289 peecata
995 1254 1067 1277 esse
1085 1242 1206 1289 paria,
1232 1241 1356 1277 diserte

194 1329 257 1353 nos
284 1316 406 1352 docent
442 1317 658 1365 antiquorum
690 1318 887 1353 testimonia
909 1318 973 1365 (3).
1022 1317 1111 1353 Cum
1134 1317 1200 1353 hoc
1229 1317 1357 1365 placito

196 1393 349 1428 concinit
378 1392 479 1428 etiam
510 1397 599 1428 recte
619 1394 731 1440 facta
757 1393 864 1440 paria
888 1405 975 1437 esse,
1011 1393 1104 1443 quod
1137 1406 1156 1429 a
1180 1393 1357 1438 Cicerone,

195 1470 338 1506 Stobaeo
364 1469 522 1518 aliisque,
546 1470 702 1505 universe
725 1470 851 1506 Stoicis
875 1470 1041 1506 tribuitur
1055 1471 1118 1518 (4).

245 1545 473 1593 Chrysippum
506 1545 570 1581 hac
598 1546 636 1581 in
659 1558 696 1581 re
719 1545 811 1581 haud
837 1546 1003 1582 diversam
1027 1559 1046 1582 a
1070 1547 1197 1582 Stoicis
1221 1550 1356 1582 senten-

194 1622 278 1657 tiam
303 1622 421 1656 iniisse
444 1621 543 1657 nobis
564 1623 682 1656 auctor
705 1624 756 1656 est
768 1620 989 1666 Plutarchus,
1014 1621 1056 1657 de
1064 1622 1254 1670 Chrysippo
1267 1624 1355 1658 affir-

196 1715 291 1738 mans
309 1703 360 1750 (5)
389 1715 396 1737 :
421 1699 517 1742 δῆλός
544 1700 610 1738 ἐστι
638 1701 875 1752 προστιθέμενος
901 1705 957 1752 τῷν
973 1706 1054 1752 μήτε
1084 1704 1199 1739 κακίαν
1225 1704 1355 1752 κακίαις,

196 1784 216 1824 ἢ
244 1784 406 1834 ἁμαρτίαν
432 1783 591 1833 ἁμαρτίας
618 1782 836 1834 ὑπερέχουσαν
863 1784 962 1833 εἶναι,
990 1780 1064 1834 μήτ’
1084 1785 1200 1836 ἀρετὴν
1224 1786 1356 1836 ἀρετῆς,

197 1866 218 1906 ἢ
247 1866 438 1916 κατόρθωσιν
466 1865 697 1916 κατορθώσεως.
734 1869 768 1902 et
797 1866 968 1915 Diogenes
993 1867 1151 1903 Laertius
1178 1881 1184 1902 :
1208 1863 1356 1918 Ἀρέσκει

199 1963 233 1985 τε
260 1948 365 1990 αὐτοῖς
394 1948 449 1985 ἴσα
476 1948 620 1997 ἡγεῖσθαι
650 1949 692 1985 τὰ
720 1950 957 2000 ἁμαρτήματα,
984 1950 1070 1986 καθά
1097 1964 1172 2001 φησι
1201 1952 1359 2001 Χρύσιπ-

200 2044 256 2073 πος
283 2045 315 2067 κ.
335 2044 366 2068 τ.
385 2029 419 2067 λ.

237 2192 277 2227 (1)
297 2190 448 2224 stobaeus,
467 2190 512 2218 1.1.
532 2199 561 2227 p.
585 2194 647 2218 114.

238 2244 277 2278 (2)
298 2242 414 2277 Quaest.
436 2242 522 2270 Tusc.
541 2242 583 2269 H.
603 2251 629 2270 e.
652 2246 696 2269 14.

238 2295 277 2329 (3)
298 2294 399 2321 Sextus
424 2293 489 2320 adv.
508 2293 646 2320 Mathem.
667 2293 737 2319 VII.
758 2293 773 2327 ξ
792 2296 857 2319 422.
879 2308 913 2313 —
934 2293 1058 2328 Cic.pro
1071 2292 1210 2328 Murena,
1230 2296 1360 2323 c.29.de

200 2345 335 2379 Finibus,
355 2353 381 2372 c.
402 2345 436 2372 27
456 2348 484 2372 et
503 2347 549 2372 28.

238 2398 278 2433 (4)
300 2396 360 2425 Cic.
380 2396 542 2429 Paradoxa,
562 2396 593 2423 in
611 2396 753 2432 prooemio
772 2399 800 2424 et
817 2395 875 2423 ΠΙ.
896 2411 931 2416 —-
951 2395 1029 2424 Stob.
1050 2395 1095 2423 l.1.
1116 2405 1144 2432 p.
1165 2399 1229 2425 218.

241 2448 280 2482 (5)
301 2448 345 2476 De
363 2448 448 2477 Stoic.
469 2447 598 2483 Repugn.
619 2456 648 2482 p.
672 2450 741 2475 1038
761 2447 799 2474 D.
821 2463 855 2467 --
876 2447 962 2482 Diog.
983 2446 1018 2474 L.
1039 2446 1103 2474 Lib.
1125 2447 1195 2475 VII.
1216 2449 1231 2482 ξ
1253 2451 1313 2475 120.
